2944 4904
195 249 261 320 lab
440 185 443 195 ‹
662 232 700 297 ll.
714 230 753 294 1³.
768 224 949 293 Wcrnsdori

197 445 267 501 nas,
284 439 374 504 quarn
390 401 536 480 diem‘2b.
553 411 617 470 dec.
639 403 767 466 natalem
784 397 896 464 Christi
925 390 1075 476 praesnti
1103 405 1207 469 posse.
1239 381 1326 460 Quia
1356 377 1463 480 emim

198 512 290 576 verba
306 509 439 570 Lucae
454 496 633 563 nativitatera
648 493 721 554 lesu
735 485 845 552 Christi
863 481 1012 546 narrantis
1028 479 1149 552 babent,
1165 472 1257 556 quod,
1273 487 1339 532 non
1354 469 1462 541 duco,

199 617 264 662 eam
287 592 455 676 opinionem
480 585 607 666 adjuret,
628 580 681 641 sed
699 576 725 638 ei
749 595 808 636 non
825 567 1023 638 adversetur?
1054 565 1132 627 Nam
1155 561 1188 622 id
1212 559 1252 620 ab
1276 554 1355 618 aliis
1380 554 1464 634 jam

200 688 434 747 demonstratum
451 671 504 749 est,
522 685 633 750 greges
649 664 746 726 oriurn
763 662 841 742 apud
857 660 988 722 ludaeos
1003 671 1123 736 quoque
1151 665 1306 727 nunqm
1324 639 1462 704 hiemis

201 783 332 850 tempore
366 766 424 828 snb
441 760 489 822 dio
505 761 696 838 pernoctasse
706 750 746 830 *).
794 748 953 810 Praeterea
977 753 1095 822 tempus
1118 735 1278 798 hibernum
1302 729 1463 808 diesque

199 852 370 922 brevissimi
389 849 439 914 rix
455 841 611 914 convenire
629 839 766 902 ridentur
780 836 897 916 agendo
915 828 1032 907 censui,
1050 847 1118 889 curn
1135 815 1463 912 peregrinationibus

202 949 447 1103 conjualluolrrodo
473 1017 565 1097 igitur
590 1011 691 1094 primis
718 1008 864 1072 ecelesiae
889 1002 1070 1085 temporibus
1093 997 1159 1060 dies
1181 993 1294 1060 natalis
1323 987 1463 1054 Christi

202 1112 344 1194 cognitus
360 1106 461 1183 ioefit,
478 1123 569 1184 quum
585 1097 757 1182 praesertim
773 1116 870 1176 neque
886 1089 1019 1173 Apostoli
1036 1106 1134 1167 neque
1160 1082 1215 1147 alii
1236 1078 1366 1144 Cbristo
1396 1098 1464 1140 ae-

203 1197 307 1282 quales
325 1199 362 1258 de
379 1193 432 1255 illo
446 1190 604 1274 quidquam
621 1184 834 1268 praeceperint,
862 1179 976 1258 relicta,
992 1186 1025 1238 at
1041 1175 1083 1236 ait
1098 1177 1229 1236 Socra
1240 1166 1367 1246 tes**),
1390 1163 1464 1226 diei

197 1288 350 1370 cujusque
375 1280 446 1344 sesti
469 1273 613 1356 religione
639 1269 810 1352 gratitudini
835 1287 954 1342 eorum,
982 1261 1034 1344 qui
1058 1257 1204 1328 beneficio
1229 1275 1263 1317 se
1281 1253 1464 1318 devinctos

204 1377 415 1453 agnoscerent.
442 1363 517 1428 Nam
535 1362 611 1442 quod
628 1360 705 1422 llro
716 1357 805 1420 dius
822 1354 952 1436 quidam,
968 1347 1180 1432 Apostolorum
1197 1342 1288 1406 aetati
1313 1360 1463 1422 suppar,

205 1460 281 1521 diern
293 1449 558 1518 sauromatem
570 1446 680 1510 Christi
690 1465 768 1522 essa,
779 1441 910 1524 apudNi
920 1441 1015 1520 cepb
1025 1457 1131 1498 orum
1148 1428 1240 1497 Call
1249 1430 1336 1492 istu
1345 1449 1379 1490 ιιι
1392 1427 1463 1505 m)

204 1545 236 1614 in
253 1543 422 1622 fragmento
439 1539 565 1619 quodam
582 1533 693 1610 scribit,
708 1532 735 1593 ei
751 1529 838 1596 iidem
855 1531 976 1606 babere,
994 1521 1158 1602 estmagni
1175 1516 1364 1582 fabulatoris
1380 1535 1464 1577 *au-

207 1629 342 1694 ctoritate
351 1637 442 1690 stare.
459 1625 544 1701 Quae
553 1643 640 1704 porro
651 1621 775 1682 eundern
785 1617 862 1679 diem
871 1614 958 1676 nobis
976 1618 1141 1674 memorant
1157 1607 1182 1670 G
1195 1629 1211 1667 o
1222 1627 1265 1668 ns
1276 1603 1303 1666 ti
1315 1611 1361 1665 tu
1374 1603 1409 1664 ti
1422 1624 1463 1664 o-

207 1737 277 1778 nes
295 1710 610 1795 apostolicae†),
627 1706 800 1771 casularum
816 1713 861 1767 est
877 1693 1258 1766 ementitioClemcntis
1273 1688 1463 1756 Romani

210 1965 298 2010 eorum
323 1953 393 2006 vitas
419 1951 506 2004 multis
534 1948 623 1998 otiosis
648 1953 675 1996 et
694 1944 814 1996 inanibus
833 1953 860 1992 et
889 1939 962 1992 falsis
989 1936 1194 1990 narratiunculis
1215 1937 1352 1986 exornant
1372 1937 1464 1996 atque

210 2025 354 2076 illustrant.
393 2021 482 2086 ltaque
500 2017 523 2067 si
540 2014 695 2078 Legendarii
716 2029 766 2062 non
785 2011 946 2070 dubitarunt,
970 2008 1115 2058 lunaticum
1137 2011 1163 2055 et
1180 2003 1308 2054 insulsum
1330 1998 1463 2066 praesti-

211 2092 349 2156 giatorem,
368 2087 546 2148 Franciscum,
568 2081 764 2148 parcrulaecre
787 2079 878 2130 summi
897 2077 946 2128 Dei
959 2077 1012 2127 lilio
1031 2075 1096 2126 lesu
1115 2073 1231 2134 Cbristo,
1252 2069 1303 2120 uisi
1325 2069 1404 2119 forte
1428 2067 1463 2115 de

210 2171 273 2210 vero
292 2164 409 2222 tempore
430 2153 525 2204 natalis
543 2151 640 2201 Clrristi
660 2149 840 2212 dubitassent,
860 2146 958 2197 eodcm'
970 2145 1045 2195 illum
1064 2143 1116 2206 die,
1135 2157 1185 2208 quo
1204 2139 1343 2190 Christum
1367 2137 1397 2186 iu
1420 2135 1465 2185 lu-

212 2241 268 2277 cem
297 2225 395 2274 editum
420 2220 535 2274 fuissent
559 2219 689 2283 nugatori.
727 2217 855 2280 Stigmata
879 2222 905 2265 et
923 2209 1182 2274 miraculachristi,
1208 2222 1286 2275 qnam
1303 2207 1403 2272 inopte
1427 2203 1464 2253 ad

211 2292 380 2345 Franciscnm
398 2289 556 2351 referantur,
576 2287 744 2338 ostenderunt
764 2288 863 2336 Auctor
880 2283 942 2334 libri
961 2281 1044 2332 Amst.
1070 2278 1146 2333 1734.
1170 2277 1203 2327 cd
1220 2275 1252 2330 [ι’
1265 2277 1396 2328 Aleoran
1411 2275 1464 2324 cles

215 2361 375 2424 Uordeliere,
396 2365 424 2408 et
439 2356 659 2406 Phileleutb.
685 2353 853 2404 Helvetb.
890 2351 921 2414 (i.
944 2367 968 2401 e.
988 2348 1017 2402 P.
1036 2345 1247 2408 limenermuaa)
1266 2344 1337 2395 libro
1359 2342 1464 2394 eodem

214 2444 280 2480 anno
299 2425 373 2508 lorus
393 2427 462 2506 dato·
472 2427 504 2476 ‹le
518 2425 667 2507 miraculis,
682 2439 748 2491 poor
759 2422 883 2488 Pptbo9.‚
898 2420 1039 2486 Apolloetio
1062 2419 1170 2484 Tyres,
1200 2415 1352 2466 Franciaco
1377 2411 1463 2462 Assi-

213 2499 266 2562 m’
283 2493 732 2625 lgllllllldellicoall'lalpullalbuelnlllldm
760 2558 917 2608 ludaeorum
945 2563 1043 2606 terram
1064 2553 1140 2604 alllat
1163 2552 1251 2604 acrior·
1268 2548 1382 2613 frigoris
1404 2547 1463 2607 viS,

215 2633 371 2696 praesertrm
389 2628 434 2677 nbi
453 2628 582 2677 montibus
602 2627 726 2689 abundat,
746 2626 773 2674 in
793 2625 885 2692 quibus
903 2624 1015 2676 maxime
1040 2623 1168 2690 pascitur.
1200 2619 1295 2685 Quid?
1327 2617 1406 2682 quod
1428 2613 1463 2664 ob

194 2693 345 2772 jinjuriam·
357 2695 438 2756 coeli,
464 2708 556 2756 greges
574 2700 666 2747 octavo
682 2689 737 2756 jam
755 2707 842 2744 mense
862 2675 1035 2744 lllarcbesuarl
1055 2689 1218 2742 domonstico
1242 2685 1353 2737 stabula
1375 2699 1465 2735 occu-

217 2774 280 2828 pare
298 2760 400 2823 solutos,
419 2767 575 2841 monuerunt
593 2759 691 2810 Hadr.
711 2759 898 2811 Relandus
916 2762 1090 2828 Antiquitatt.
1107 2776 1180 2812 socr.
1194 2774 1220 2826 p.
1233 2757 1297 2810 373.
1311 2761 1340 2804 et
1364 2752 1414 2805 Sa
1425 2767 1463 2803 m.

218 2825 539 2910 bochartfleerozorr.
568 2825 589 2878 1.
621 2826 654 2877 ll.
676 2843 700 2877 c.
721 2826 764 2880 ta.
785 2828 891 2894 p5415.
915 2828 1151 2880 Casaubonns
1172 2825 1277 2892 quidem
1297 2823 1333 2874 ad
1352 2822 1463 2874 Aoaal.

217 2899 322 2974 Burob-
345 2898 466 2974 Meroet-
502 2896 550 2955 ts·
570 2911 595 2959 p-
618 2895 679 2968 480.
708 2896 841 2960 observat,
869 2913 961 2962 greges
980 2897 1007 2946 in
1025 2897 1121 2960 anglia
1141 2911 1189 2964 per
1206 2893 1334 2945 hibernos
1352 2903 1465 2942 menses

218 2961 266 3013 sub
286 2961 328 3010 dro
350 2977 433 3040 pasor,
451 2977 498 3012 uec
518 2961 621 3040 desunt,
641 2964 684 3029 qui
702 2964 854 3016 inusitatam
879 2966 1011 3016 bominum
1030 2965 1233 3026 multitudinem,
1253 2960 1465 3013 Bethlehemnrn

219 3027 412 3108 confluentium,
431 3035 521 3094 putent
539 3045 566 3079 ru
586 3045 667 3082 eausa
686 3031 776 3096 luisse,
795 3037 874 3099 quaro
893 3049 986 3098 greges
1007 3048 1052 3084 rus
1071 3033 1159 3086 abacti
1178 3030 1289 3082 luerint.
1326 3026 1466 3080 Neutrum

219 3103 306 3170 tamcp
328 3094 507 3175 drlilcnltatem
526 3096 606 3176 tollit,
625 3105 655 3148 ut
674 3100 818 3164 evicerunt,
841 3117 918 3168 quarn
938 3103 993 3166 alii,
1013 3109 1069 3154 turn
1093 3100 1220 3168 imprimis
1247 3099 1337 3150 Sam.
1372 3097 1467 3148 Bas-

220 3174 348 3222 ssflblus
366 3164 486 3214 Exercet.
508 3162 571 3216 best.
592 3169 651 3220 crit.
673 3184 698 3233 p.
718 3171 779 3224 216.
799 3169 915 3222 ottob.
937 3170 1138 3222 llardninus
1166 3169 1192 3222 iu
1220 3166 1411 3221 Antirrlletioo
1434 3165 1468 3216 de

138 3237 139 3242 ’
219 3241 290 3280 nora.
310 3233 366 3277 ont.
386 3244 412 3294 p.
430 3228 474 3282 63.

289 3288 336 3370 ss)
357 3293 434 3374 1⁴25·
454 3311 479 3376 p:
499 3299 560 3351 291.
581 3304 623 3352 ed.
644 3302 688 3386 lie
701 3306 815 3371 ading.
834 3303 885 3370 τὴν
903 3303 1002 3374 ἑορτὴν
1026 3307 1076 3360 τοῦ
1101 3297 1201 3373 πάσχα
1223 3303 1272 3355 καὶ
1296 3299 1347 3360 τὰς
1372 3295 1465 3351 illias

221 3359 316 3480 {fimf
333 3375 428 3444 mdiv)
447 3381 478 3428 erp
500 3363 702 3449 ivytprtoonvp
720 3374 778 3424 τῶν
806 3375 1043 3444 ἐυεργετηθένιων
1070 3375 1231 3427 κατέλιπον.
1269 3371 1327 3424 Hoc
1356 3385 1466 3438 qnoque

222 3432 436 3548 ἆιθιῢῑιιαιξιιηιιιιιιίιε
485 3449 564 3487 omrnr
590 3440 623 3490 ab
641 3439 774 3508 apostolis
801 3445 946 3518 profectum
965 3462 1015 3496 noo
1035 3459 1103 3510 esse,
1125 3443 1259 3496 silentium
1279 3456 1372 3493 eorum
1397 3438 1465 3490 satis

222 3629 265 3680 ubi
285 3561 439 3684 ffbfitlb·
469 3573 494 3620 2·
529 3587 558 3652 ο.Δ
585 3579 610 3627 3.
634 3576 808 3640 fragmentum
834 3597 868 3633 ex
885 3582 1011 3635 Evodii
1035 3583 1068 3634 de
1087 3583 1185 3634 lauriae
1203 3579 1317 3649 epistola
1338 3577 1461 3638 exbibet,

234 3697 249 3746 έ
283 3693 296 3708 η
321 3646 350 3745 ete
370 3651 378 3684 ι
400 3636 464 3718 evoe
491 3635 593 3694 Murra:
614 3643 689 3722 uKal
713 3649 798 3702 τίκτει
821 3646 852 3700 τὸ
876 3651 936 3718 quir
954 3651 1003 3703 τοῦ
1023 3643 1134 3717 κόσμου
1147 3642 1265 3716 χρόνων
1286 3639 1463 3713 ὑπάρχουσα

222 3713 251 3812 ‘re
265 3709 326 3812 'giu‘
339 3713 424 3773 mlii
444 3719 627 3792 ”wilm
649 3711 826 3792 Δξκεμβρίου
844 3713 942 3781 μηνός.
981 3720 1033 3772 Sed
1070 3719 1174 3772 laustra
1191 3717 1344 3770 fabularum
1362 3715 1463 3767 ibidem

223 3771 571 3894 inltemlfsugldblllbss¹smum
592 3792 608 3826 a
627 3777 733 3861 Chersto
754 3785 804 3836 soli
825 3783 905 3840 Petro
923 3790 1022 3853 datum,
1071 3788 1154 3840 ariam
1173 3801 1241 3840 anno
1262 3785 1363 3838 aetatis
1381 3783 1462 3836 tertio

222 3894 271 3946 bus
284 3893 411 3958 judicium
426 3853 609 3960 {estlwzmligzzu
630 3860 663 3896 ex
682 3850 777 3912 qubus
798 3853 830 3904 de
849 3856 957 3923 reliquis
982 3857 1078 3960 spnfiis
1096 3857 1172 3908 istius
1187 3853 1283 3906 Evodii
1301 3851 1464 3914 narrationi-

224 3963 524 4093 Aposltofolssmffilffi
541 3974 724 4048 R⁰¹¹¹⁸¹¹¹¹Ss
745 3987 821 4050 cujus
842 4007 934 4046 nomen
960 3995 1122 4047 mentiuntur
1155 3990 1463 4045 constitutiones

224 4109 273 4158 W
291 4091 346 4142 τῶν
364 4093 392 4148 {o
430 4051 479 4114 ΨΒ
505 4043 619 4122 ·5·,⁰·3·
631 4051 747 4132 ntlplem
758 4053 922 4125 Cbrtstiligit
937 4063 964 4114 in
977 4063 1207 4117 dienatnensts
1228 4061 1301 4113 noni.
1321 4055 1381 4117 Τὰς
1400 4053 1464 4120 ἡκέ-

239 4108 650 4219 πηεχείςθωρᾞνῖἔυλασσηηι
670 4115 805 4199 αδὲλφθῖ,
824 4127 871 4178 καὶ
885 4127 1002 4199 πρώτην
1019 4148 1051 4199 γε
1066 4127 1116 4188 τὴν
1132 4129 1281 4198 γενέθλιον
1304 4121 1364 4190 ἥτις
1384 4107 1465 4194 dordr

225 4227 373 4280 ogsgppgvjt
391 4181 513 4288 ρεῗαιι
536 4178 650 4256 Ῑῖέμπῑζὶ
676 4200 729 4237 ton
757 4187 876 4248 ἔννάιου
898 4193 997 4266 μηνός.
1037 4200 1089 4254 Per
1115 4199 1230 4252 creusam
1254 4167 1352 4250 nulnum
1377 4203 1463 4247 autem

223 4293 392 4356 intelligendu
420 4249 434 4284 o
462 4251 476 4286 e
505 4253 602 4295 orrus
620 4249 653 4299 ed
673 4250 705 4304 P.
724 4254 756 4308 P.
777 4264 900 4329 apostol.
919 4265 952 4320 T.
982 4269 1004 4322 l.
1033 4286 1060 4340 p.
1082 4273 1145 4326 ets.
1166 4268 1354 4320 adiu-Clerici
1393 4261 1463 4316 nobis

395 4314 419 4351 ¹¹1
443 4317 500 4354 esse
524 4322 638 4366 mensem
667 4319 846 4384 decembrem.
882 4334 949 4391 Nam
974 4353 1008 4392 ea
1028 4355 1052 4391 o.
1074 4341 1118 4394 13.
1139 4344 1167 4389 et
1186 4342 1229 4390 17.
1256 4305 1379 4400 ojusdeln
1406 4329 1464 4386 libri

224 4363 456 4435 demonstratura,
476 4387 571 4433 nonum
586 4395 706 4446 mensem
728 4397 841 4460 eundern
859 4419 916 4460 ease
935 4421 994 4465 eum
1010 4407 1117 4464 labano
1135 4420 1224 4464 monte
1245 4403 1414 4460 duodecimo.
