2944 4904
246 257 281 319 de
311 253 370 318 diei
394 256 472 322 dour.
495 271 544 339 ap.
567 259 625 320 retr
650 249 835 320 Ghdshaeos
860 256 1068 324 celebratione.
1219 253 1265 328 88

17 487 19 510 ,
42 451 96 504 roe,
117 427 232 510 inquit,
250 433 421 494 dhrtottome
435 433 634 494 rucuma
650 435 765 494 moriat
780 433 940 494 mimator
966 443 1006 494 eet
1029 442 1056 494 et
1077 451 1114 494 ea
1135 425 1194 496 illo*
1208 431 1263 500 ao'-

17 551 18 555 =
42 519 102 579 bere
118 523 217 598 eoepit
232 519 410 593 hainnoum
434 517 570 596 soon*);
592 527 621 579 ot
642 517 795 580 Maximus
819 517 1072 597 larinensis**)r
1103 525 1262 602 Dentatus,

44 603 90 680 ait,
108 605 201 665 roobia
214 606 276 666 itlco
290 607 457 668 ammobilia
471 616 512 666 eet
528 615 610 686 ripae
626 608 757 683 sabanis,
781 613 848 687 quia
871 613 902 668 io
917 627 950 668 eu
967 610 1109 684 Salvator,
1133 611 1206 670 ochoi
1220 611 1264 672 sci

43 699 148 766 aiace,
168 693 307 753 dhoania
321 694 495 768 infernorum
510 695 636 768 ameide,
662 696 722 754 torro
743 700 953 756 maceraris
969 699 1095 768 eniooit3
1120 703 1148 756 et
1163 693 1263 758 liuse-

42 777 187 858 hins***)
214 777 382 840 Ebieaaeos
408 779 478 856 dicit
500 779 675 840 dominicum
701 779 776 840 diem
809 780 853 850 εἷς
881 771 1006 860 μνήμην
1029 777 1086 860 τῆς
1109 778 1264 863 σωτηρίου

42 856 249 934 ἀναστάσεως
272 865 393 945 perinde
416 876 504 947 atque
521 861 705 928 christianes
727 863 908 929 celebrasse.
951 867 987 927 ht
1005 865 1262 949 coacescerent,

45 951 94 1012 etsi
112 945 296 1030 posterioris
312 953 460 1033 temporie,
487 951 535 1034 qui
554 971 619 1013 caue
634 953 750 1014 Justino
765 953 854 1016 Mart.
879 953 936 1014 diei
960 952 1097 1014 dominici
1121 956 1264 1018 observa·
1288 957 1291 962 '
1329 977 1332 984 ·

45 1039 154 1100 donent
183 1037 255 1100 inde
279 1059 395 1121 quoque
422 1050 552 1102 exortem
577 1055 647 1101 esse
662 1039 770 1116 dicunt,
794 1043 872 1121 quod
890 1043 1015 1103 mundns
1032 1059 1066 1102 eo
1083 1049 1201 1103 creatus
1216 1042 1265 1107 eit.

43 1124 94 1185 Sic
112 1127 199 1206 apud
218 1125 396 1205 Gregoriurn
412 1124 705 1200 Turonensenu****)
721 1127 794 1188 haee
811 1126 997 1208 reperiemur
1011 1130 1118 1190 rerba:
1141 1134 1265 1191 Senem

43 1223 80 1274 eet
104 1216 153 1276 hio
180 1215 259 1291 dieo,
282 1219 330 1294 pai
350 1220 380 1276 in
405 1220 545 1295 principio
567 1217 653 1275 teroem
678 1213 818 1276 nondun
840 1224 949 1294 primas
965 1207 1039 1276 'aar
1061 1233 1095 1276 oo
1110 1217 1265 1280 donatore

43 1305 259 1364 rerurrectionis
273 1307 352 1362 testis
365 1307 475 1362 enauit
489 1303 604 1382 ideoque
616 1309 691 1362 omni
703 1302 759 1378 ride
768 1323 787 1362 a
804 1304 970 1364 thrutionio
984 1303 1125 1364 obseruari
1135 1301 1265 1381 debet†).

128 1385 216 1464 Quia
241 1397 337 1448 auteur
362 1389 517 1468 posteriori
541 1395 670 1468 ternpore
691 1388 769 1449 iuter
792 1387 977 1450 Christianos
1006 1388 1102 1466 magis
1124 1388 1264 1452 usitatum

45 1483 112 1548 erat,
130 1473 263 1555 primunr
277 1474 469 1538 hebdomadis
486 1475 562 1537 dioro
579 1493 685 1537 vocare
708 1475 895 1551 dominicum,
912 1493 999 1556 qoam
1017 1475 1090 1537 solis
1107 1475 1182 1537 diurn
1193 1473 1264 1557 ††)‚

43 1559 130 1623 lecile
158 1559 230 1622 lieri
247 1559 348 1642 potuit,
375 1571 408 1623 ut
427 1560 612 1641 Augustinus
628 1561 737 1642 aliique
754 1565 914 1636 crederent,
942 1563 1017 1623 hane
1040 1561 1265 1644 appellationem

43 1647 108 1708 iude
126 1667 201 1710 esse
217 1655 319 1726 ortem,
345 1651 421 1728 quod
440 1649 567 1730 majores
591 1650 668 1710 hunc
685 1649 760 1710 dien
786 1652 823 1710 ob
847 1648 1014 1711 memoriam
1040 1649 1264 1712 resurrectionis
1312 1673 1314 1686 ¹

43 1733 167 1796 llouriui
184 1733 338 1796 colendum
360 1755 428 1798 esse
451 1733 615 1798 statuerint.
654 1735 712 1812 Qui
736 1745 833 1797 tanuen
856 1735 935 1798 velit.
949 1738 1133 1813 contendere,
1156 1735 1265 1799 lustini

43 1820 134 1886 Mart.
153 1831 285 1902 tempore
302 1821 377 1884 diem
399 1822 472 1885 solis
487 1825 615 1884 nondum
633 1823 808 1884 dominicum
825 1837 892 1884 esse
909 1821 1096 1904 appellatum,
1120 1821 1188 1904 quia
1209 1824 1265 1908 ln-
1342 1835 1346 1839 '

41 1909 141 1970 atinus
166 1909 233 1989 ipse
257 1907 309 1970 illo
333 1919 443 1972 tanturn
468 1910 586 1971 nornine
611 1929 686 1971 usus
709 1909 756 1987 sit,
778 1911 857 1970 hunc
881 1927 981 1972 errare
1002 1919 1147 1990 putamus.
1189 1909 1265 1971 Nam

45 1998 123 2075 quod
148 1995 425 2076 Moshemius†††)
451 1999 486 2058 de
508 1995 604 2057 Plinio
631 1996 718 2073 dicit,
747 2015 813 2058 eurr
835 1997 865 2057 in
890 1995 1014 2078 epistola
1036 1998 1074 2058 ad
1099 1993 1265 2077 'l'rajeuurn

45 2081 137 2144 missa
154 2082 263 2159 verbis,
281 2102 357 2163 quac
373 2083 491 2164 propria
508 2095 607 2146 essent
623 2082 811 2161 Christianis,
836 2083 877 2144 uti
894 2082 1038 2162 noluisse,
1055 2103 1092 2144 ue
1108 2081 1266 2163 imperator

46 2188 171 2230 sensum
188 2171 343 2232 verborum
360 2170 438 2232 falso
454 2171 703 2252 interpretaretur,
728 2169 785 2231 hoe
802 2169 887 2232 etiarn
902 2171 933 2232 io
949 2170 1095 2232 lustinum
1114 2169 1200 2247 cadit,
1216 2169 1265 2231 oui

47 2255 210 2336 diligenter
226 2259 386 2320 carendum
403 2257 468 2334 fuit,
489 2277 527 2320 ne
552 2277 626 2338 quae
651 2257 792 2318 scriberet
815 2257 891 2318 falso
911 2257 1265 2336 intelligerentur††††).

46 2343 137 2420 Quod
155 2343 346 2408 rerbi'causa
361 2343 502 2408 facillime
515 2343 578 2406 lieri
594 2343 697 2426 potuit,
715 2342 743 2402 si
758 2342 945 2422 scripsisset:
969 2349 1114 2404 Dondaioo
1129 2345 1174 2403 die
1188 2361 1265 2401 com-

46 2435 172 2492 mrmitor
184 2443 279 2493 omncs
294 2442 455 2493 occumbent
470 2437 580 2510 opimae
595 2439 645 2491 eto.
680 2429 838 2490 Praeterea
855 2427 992 2488 dominici
1014 2427 1072 2488 diei
1089 2425 1266 2506 appellatio-

47 2537 113 2580 nenr
126 2518 189 2598 janu
206 2517 259 2579 illo
275 2527 403 2600 tempore
420 2518 556 2580 usitatam
571 2515 676 2592 luisse,
693 2514 778 2576 tostis
789 2523 834 2582 est
845 2513 1005 2590 Eusebius,
1023 2513 1072 2594 qui
1089 2533 1126 2574 ox
1141 2511 1267 2593 epistola

49 2603 196 2686 Dionysii,
219 2603 442 2668 ¹Corinthiorum
456 2602 614 2686 episcopi,
639 2603 676 2664 ad
700 2599 1033 2678 Soterem,'antistitem
1055 2599 1266 2679 Romanorum,

49 2691 336 2755 haeererbahabetz
353 2681 552 2773 τὴνσήμερον
562 2672 619 2752 otho
627 2677 774 2771 apponeris
781 2683 871 2770 eyter
885 2675 1265 2772 ἡμέρανδιηγᾶγομενΐ).

52 2777 138 2857 Quid,
167 2782 248 2865 quod
272 2779 348 2842 idean
372 2778 521 2843 Eusebius
547 2779 711 2854 irenaeum,
740 2776 829 2857 episc.
854 2771 1195 2856 apponerentante
1218 2773 1266 2838 dia

117 3002 148 3066 ι)
170 2970 278 3054 sinna
305 3003 427 3066 reguntur·
452 3001 518 3068 opus
545 3000 667 3051 ennoea:
698 2999 729 3048 ne
755 2998 826 3049 ervit.
850 2971 1044 3061 nsisseaaoss
1064 2997 1266 3050 trenorchio

50 3067 121 3135 iob.;
159 3079 213 3121 ser.
244 3071 285 3126 15.
314 3073 345 3122 de
377 3070 464 3121 verbis
495 3069 630 3136 Apostoli,
655 3075 681 3118 et
705 3067 773 3132 apud
798 3063 919 3118 Basiliam
945 3063 980 3116 hl.
1007 3065 1038 3116 de
1056 3063 1160 3134 'Spiritu
1184 3063 1211 3116 S.
1232 3064 1266 3117 ad

50 3139 357 3208 morthonienses.
394 3139 519 3193 Isidorou
538 3137 643 3206 etymol.
661 3137 689 3201 6,
711 3138 762 3191 18.

112 3221 160 3292 **)
178 3224 269 3276 Seruo
288 3226 319 3277 tle
337 3231 496 3293 pentecoste.

114 3307 185 3379 mil)
208 3308 274 3362 llist.
296 3311 390 3363 coeles.
410 3313 437 3377 3,
457 3315 501 3366 27.

115 3393 203 3462 ****)
221 3395 289 3450 llist.
308 3396 466 3452 Francorum
488 3399 529 3460 10,
549 3397 608 3460 304
628 3395 653 3458 1,
672 3393 715 3444 23.
779 3365 781 3368 .

116 3481 150 3548 i)
173 3479 286 3535 Easdeut
307 3482 546 3547 quoque'ratioues,
565 3481 623 3532 aliis
645 3479 751 3544 iusuper
769 3475 879 3538 additis,
900 3471 1010 3530 efferunt
1024 3469 1122 3522 Auctor
1143 3472 1269 3528 sermonis

53 3553 108 3604 25¹.
140 3551 173 3602 de
201 3557 331 3617 temporo,
357 3550 500 3614 Augustino
527 3549 607 3602 tribui
632 3545 719 3610 soliti3
745 3543 881 3595 concilium
906 3540 990 3592 Puris.
1019 3539 1065 3591 sub
1093 3531 1224 3592 Ludovico
1242 3545 1270 3592 et

54 3617 173 3671 botberio'
200 3621 310 3681 cbo-3
344 3615 420 3685 epist.
442 3618 584 3686 synodica,
614 3630 679 3684 quus
707 3613 754 3664 sub
779 3612 854 3662 titulo
881 3607 1049 3660 ordinationis
1066 3607 1204 3662 'feriarum
1224 3624 1270 3676 pe·

54 3689 175 3740 rebellum
193 3683 223 3738 P.
244 3685 277 3738 ll.
300 3701 404 3752 operum
431 3687 516 3738 Bedac
543 3691 631 3748 ertat3
657 3681 770 3734 Isidorus
795 3680 826 3730 de
845 3679 939 3730 eccles.
959 3677 1030 3732 citio.
1055 3677 1081 3741 1,
1100 3677 1160 3732 th:
1185 3675 1270 3730 liebe-

55 3772 97 3806 nus
116 3755 226 3809 ldeurus
245 3756 276 3806 de
293 3755 375 3808 instit.
394 3755 546 3806 clericorum
564 3759 591 3819 2,
610 3756 654 3807 42.
1128 3764 1130 3768 ·

118 3843 175 3910 ἢ)
205 3840 247 3892 Cl.
275 3840 409 3903 ltiuphaur.
434 3840 453 3890 l.
473 3841 492 3892 l.
519 3839 625 3907 prs,
658 3836 701 3903 qui
726 3835 816 3887 laudat
842 3835 923 3900 legem
950 3822 1126 3883 Valentiniani
1147 3830 1270 3898 junioris,

56 3910 124 3977 enjus
149 3911 200 3962 boc
226 3917 268 3960 eet
292 3909 410 3960 initium:
435 3909 509 3961 Solia
533 3909 591 3972 die,
618 3921 697 3986 poem·
714 3906 871 3958 dominicam
895 3905 947 3956 rito
969 3902 1062 3967 dium
1081 3900 1200 3970 majores
1219 3907 1267 3954 etc.

56 3978 115 4031 Ced.
134 3977 235 4032 Theoi.
257 3975 304 4032 lib.
324 3975 495 4032 x1.eit.·v1.
518 3977 549 4028 de
569 3973 758 4039 exactionibus,
772 3972 889 4036 lea-13.
946 4010 948 4014 ,

119 4065 195 4131 †††)
216 4061 359 4116 Commeat.
379 4062 410 4113 de
432 4047 509 4114 robus
528 4061 670 4114 Christian.
689 4065 749 4110 unte
769 4056 906 4110 Constant.
925 4052 961 4108 M.
981 4072 1006 4123 p.
1026 4014 1085 4110 147.
1154 4093 1159 4100 .

120 4151 219 4221 ††††)
239 4149 283 4202 Sic
302 4149 380 4200 etiarn
398 4149 424 4199 in
445 4149 526 4199 altero
542 4147 608 4212 loeo,
629 4144 697 4197 inira
715 4145 853 4209 laudando,
873 4143 905 4194 de
924 4141 1043 4261 episcopo
1058 4140 1101 4192 vel
1117 4139 1269 4258 presbprtero

60 4219 93 4271 bis
118 4229 213 4272 vocent
238 4212 253 4270 ὁ
280 4207 422 4284 προεστώς
446 4222 574 4284 usurpat,
606 4221 632 4266 et
651 4214 727 4282 paulo
749 4221 826 4264 antee
842 4212 904 4277 ,(ed.
955 4210 1023 4290 olon.
1049 4225 1075 4278 p.
1102 4209 1161 4292 92.)
1197 4215 1270 4278 ¹rcrtt

60 4289 83 4338 ol
99 4281 264 4340 laederetur
290 4285 322 4338 ἒν
345 4288 402 4344 τοῖς
424 4285 586 4352 γενομένοις
611 4277 655 4334 oin’
679 4277 772 4334 aanor
795 4277 1094 4350 dnoprnporevpoore‘,
1114 4293 1132 4326 u
1150 4275 1271 4329 καλεῖται

60 4354 201 4426 εὐαγγέλια
219 4356 296 4424 tori.;
313 4355 348 4408 el.
386 4355 469 4422 uo‘quc
489 4370 514 4422 p.
533 4354 577 4410 98.
605 4372 607 4380 ’
1104 4360 1108 4372 ’

122 4425 175 4497 †*)
194 4423 264 4480 illst.
283 4425 348 4478 eccl.
368 4371 396 4490 i,
415 4425 458 4478 oe.
