2962 4898
434 255 472 348 3⁶⁰
487 251 670 326 humato
687 271 806 334 nomn·
926 221 930 226 ¹
1115 259 1228 332 ‘tta
1290 253 1295 266 '

48 427 379 504 mmadmhisoht
401 431 490 492 mods
518 428 680 506 pamm
710 447 797 507 suaso
819 428 858 490 od
881 436 1009 494 moon
1032 432 1229 509 ponat·-

48 519 136 574 tutare.

114 597 228 680 Origo
245 595 533 668 sollemnitatis
549 599 659 665 hebd.
678 619 851 681 magnae.
878 597 908 682 h.
925 600 955 667 d.
972 599 1230 682 Initia-dedicandi

48 684 105 746 hone
123 686 307 766 septimanam
322 705 394 764 prae
413 683 481 748 aliis
498 687 663 764 memoriae,
687 680 925 753 meditationibus
943 706 978 750 oo
995 686 1087 764 cultui
1112 687 1230 752 cruch-

48 781 110 834 tutto
123 783 203 862 atpue
217 772 320 840 mustis
337 771 517 836 minutissimi
534 773 699 839 salvatoris
713 777 753 836 ab
768 773 843 854 ipsis
860 769 1067 854 Apostolorum
1091 773 1230 858 tempori-

47 860 88 920 tus
101 879 222 924 maesse.
244 861 311 922 Non
327 880 384 936 nne,
401 871 433 920 ut
447 859 476 924 id
493 859 644 938 affirmem,
661 859 751 942 vulgo
767 861 909 925 dictarunt
922 863 1147 942 Amsmhoantm
1156 867 1230 926 Con·

47 952 193 1016 stitutionem
209 956 303 1012 omnet
317 946 489 1022 auctoritas,
510 967 586 1026 quae
607 947 638 1023 3,
660 951 708 1012 14
725 950 797 1010 haec
814 947 959 1022 saltatori
978 947 1094 1012 Christo
1113 948 1231 1013 adscri-

47 1031 117 1096 hnnts
147 1041 244 1114 ltopus
271 1039 410 1114 praecepit
431 1035 511 1096 nohis
532 1037 658 1113 inunum
679 1037 724 1098 leis
748 1056 800 1098 scu
825 1037 921 1098 diolco
932 1046 1049 1116 proptor
1066 1043 1232 1116 impietatem

46 1129 65 1178 st
82 1123 159 1184 satus
173 1123 364 1198 mammas,
390 1123 518 1186 hortatus
535 1122 689 1198 &tandm
706 1133 731 1182 et
746 1125 954 1184 lamentandam
969 1129 1110 1186 intacitum
1126 1145 1232 1197 aarum,

46 1209 154 1284 rhodam
166 1220 195 1270 ot
215 1216 277 1288 ipso
296 1210 489 1286 damnosum
504 1218 546 1270 est
560 1212 628 1286 illis,
649 1211 721 1289 aad
736 1216 910 1288 massamuti
927 1219 1033 1288 tompus
1049 1216 1230 1274 visitationis.

47 1296 135 1364 hrono
154 1317 216 1360 uno
231 1299 308 1374 festu
330 1305 356 1360 st
378 1305 462 1360 easta
482 1297 566 1370 iuuit
594 1299 674 1361 nohis
687 1299 828 1376 p'ep'snoro,
845 1299 896 1360 illa
910 1299 1020 1378 qudam
1035 1307 1148 1376 propter
1161 1319 1232 1378 pro·
1284 1301 1287 1309 ’

46 1381 166 1460 manen,
188 1385 242 1444 hoo
260 1401 327 1448 neno
352 1391 465 1461 propter
481 1389 649 1460 posciacum.
680 1383 720 1444 Et
733 1377 765 1462 8,
786 1385 838 1446 33.
871 1385 936 1446 Sub
953 1381 1072 1449 somine
1098 1383 1178 1448 Petri
1204 1393 1233 1446 ct
1292 1381 1303 1392 “

46 1464 128 1530 Paulis
165 1469 230 1548 Ego
255 1469 361 1536 Petrus
385 1479 414 1532 et
435 1488 491 1548 ego
507 1468 621 1532 Paulus
645 1469 867 1536 constituimus:
903 1476 975 1534 'Pota
998 1491 1103 1550 mopso
1129 1471 1232 1534 iachda-

46 1555 292 1635 missoriano
308 1562 431 1636 amnena·
448 1567 543 1622 oomni
559 1563 641 1634 sorni,
670 1564 736 1638 prio
752 1560 803 1620 ttto
818 1562 961 1640 passionis
978 1569 1027 1640 ost,
1051 1561 1119 1620 troes
1134 1579 1232 1620 sosar-

45 1647 150 1704 nctionis
164 1655 213 1708 etc.
236 1643 343 1723 Neque
359 1641 436 1708 cuiun
449 1641 679 1710 constitutiones
697 1643 772 1707 istae
788 1641 832 1706 ael
850 1641 1009 1723 Apostolos
1026 1643 1073 1706 vel
1092 1643 1232 1708 Clemen-

46 1728 257 1796 semitonorum
276 1738 425 1795 auctorem
443 1739 626 1808 agnoscunt,
648 1751 744 1811 neque
772 1739 866 1792 tamea
883 1740 950 1811 post
971 1729 1099 1816 quinque
1117 1733 1233 1794 demum

46 1813 126 1876 secula
145 1837 165 1878 n
188 1816 310 1881 Christo
326 1826 393 1878 nato
411 1815 536 1896 scriptas
554 1837 621 1882 cssc
644 1829 677 1892 pt
694 1819 809 1881 eraclam
833 1838 912 1880 amo
928 1817 1083 1897 impetrare
1099 1837 1232 1896 possum,

25 1973 27 1980 χ
46 1919 104 1976 quae
118 1909 265 1972 Psarsosii
279 1906 315 1973 od
331 1903 397 1968 Act.
412 1905 515 1982 apost.
533 1925 561 1984 p.
574 1903 627 1966 td.
648 1903 792 1967 sententia
806 1915 875 1984 est,
895 1903 942 1965 cui
958 1901 1142 1986 praeluserat
1158 1907 1233 1966 Dol-

45 1987 105 2050 hsns
118 1989 203 2054 Libra
221 1991 244 2054 Ι.
260 1999 292 2051 et
308 1991 345 2052 ll.
360 1992 399 2052 dc
417 1991 667 2071 Pscadcpiprophis
691 1995 860 2073 apostolicis.
894 1987 1027 2054 Praestat
1043 1990 1149 2054 etenim
1167 2011 1239 2079 cum

46 2077 174 2150 Bhndctto,
191 2084 349 2155 Rarmmtm
365 2077 562 2156 naamanin,
581 2081 718 2152 Hullosio,
734 2083 948 2144 Sclmlstrutanio
964 2093 1017 2142 'cas
1035 2077 1233 2144 scc.lll.ver·

45 2161 123 2237 gentis
131 2165 265 2247 scriptori
275 2181 421 2238 asserere,
439 2171 541 2226 etcum
551 2169 694 2230 &inuno
708 2165 832 2248 aliisque
848 2163 1040 2246 interpolatas
1057 2185 1233 2246 agnoscere,

46 2267 113 2325 quau
128 2273 176 2332 pro
193 2263 252 2316 tatu
268 2250 438 2316 redemitus
453 2249 573 2328 habore,
596 2252 752 2332 inquibus
776 2263 893 2332 praeter
918 2251 1047 2318 auctoris
1069 2253 1234 2332 imperfecti
1323 2274 1325 2278 ·

46 2343 67 2393 tt
85 2337 296 2418 epiphaniorum
313 2337 481 2403 citationum
499 2337 624 2416 uestigia
644 2337 723 2401 mille
748 2338 807 2400 alia
824 2337 1004 2417 antiquitatis
1023 2337 1110 2418 signa
1126 2359 1233 2399 occur-

46 2433 104 2484 runt.
129 2426 241 2503 ¹Saltem
261 2445 298 2488 cx
316 2424 531 2506 antiquissimis
549 2421 693 2486 ecciesiae
710 2423 845 2486 formulis
863 2422 1038 2504 scriptisque
1064 2419 1130 2484 aliis
1148 2434 1233 2486 netu-

46 2507 159 2574 stissinris
175 2495 316 2574 collectas
331 2511 425 2580 tuisse
443 2531 499 2578 nou
517 2513 555 2572 nh
573 2530 605 2572 rc
614 2510 729 2591 judicat
744 2503 993 2572 ssodnosllnslliss.
1011 2509 1034 2572 1.
1045 2507 1233 2590 Cypriauica,
1341 2551 1343 2560 ι

46 2604 65 2654 et
77 2598 105 2658 de
117 2601 181 2664 dors
202 2601 380 2664 Socssdmoli
396 2604 549 2663 noseorum
564 2619 592 2678 p.
613 2598 685 2660 382.
717 2597 775 2662 Cui
794 2599 868 2658 addc
883 2602 946 2660 duc.
967 2602 1110 2661 Uscosium
1125 2593 1233 2660 Prole-

45 2685 155 2758 gnu.in
178 2687 280 2766 ignat.
304 2705 369 2765 cap.
395 2687 417 2746 7
446 2705 487 2749 ss.
520 2691 667 2749 Poursontt
692 2685 805 2749 iliadis.
835 2681 1001 2762 ignaue.
1026 2681 1048 2744 l.
1073 2705 1102 2764 p.
1120 2685 1165 2769 „til
1192 2705 1235 2748 ss.

45 2771 431 2853 sardanapalicum
451 2769 681 2852 namasaorap.
699 2771 793 2836 1072.
825 2769 884 2834 Sed
903 2763 938 2834 ts
963 2769 1009 2858 his
1033 2769 1116 2837 satis.
1149 2767 1234 2834 Alias

45 2857 141 2918 omnino
155 2859 222 2942 piae
236 2857 420 2942 suspicionis
435 2878 518 2936 aneae
534 2858 563 2920 in
582 2869 696 2938 promtu
713 2879 819 2920 causas
835 2858 939 2920 habeo.
966 2857 1051 2934 Quod
1075 2857 1235 2940 appropin-

46 2953 132 3020 quante
146 2948 308 3029 paschatos
324 2945 402 3008 festo
420 2965 543 3011 necesse
562 2945 703 3007 herbescat
720 2967 757 3008 ex
773 2943 972 3008 conscientiae
987 2955 1146 3030 praecepto
1165 2967 1235 3006 eru-

45 3027 92 3090 dire
105 3033 250 3114 populum,
267 3053 326 3118 qua
342 3031 454 3095 ratione
479 3031 625 3114 paschon
647 3029 822 3096 Christianis
844 3028 898 3094 rite
923 3029 978 3092 coli
1004 3029 1117 3112 possit:
1149 3041 1234 3112 typos

45 3111 196 3185 salamnus
205 3119 352 3200 impletos,
369 3139 480 3198 agnum
489 3117 670 3200 paschalem,
679 3122 869 3183 redemtorem
880 3118 1093 3198 designantem,
1104 3135 1234 3197 cessare,

45 3203 183 3270 redemtore
202 3205 321 3280 Christo
336 3208 398 3288 jann
413 3214 550 3284 mactato,
567 3226 691 3286 cumque
707 3207 798 3288 hujus
816 3205 853 3268 ad
879 3207 1036 3286 paschatos
1059 3201 1234 3268 sollennita-

45 3294 77 3346 tts
92 3291 132 3356 lis
146 3293 221 3378 ipsis
236 3291 420 3376 ‚temporibus
436 3291 530 3355 fuisse
547 3291 687 3356 occisum.
717 3293 791 3356 Vide
808 3291 955 3368 liturgiam
972 3291 1101 3374 Apostoli
1121 3293 1148 3356 l.
1166 3293 1235 3358 Cor.

43 3367 66 3448 l,
81 3377 167 3446 7-8.
199 3381 289 3464 Quod
301 3375 418 3444 nnllam
435 3375 634 3446 crucifixionis
652 3379 759 3443 Christi
777 3381 925 3442 docendae
942 3378 1130 3441 occasionem
1148 3401 1236 3460 prae-

46 3464 215 3533 termitterent
231 3466 340 3530 Christi
358 3465 493 3546 discipali
512 3467 540 3528 1.
559 3465 625 3528 Cor.
643 3463 674 3544 2,
691 3467 727 3541 2;
744 3462 808 3526 thl.
828 3462 857 3540 6,
879 3467 927 3524 14.
960 3462 1044 3542 Quae
1061 3475 1156 3528 autem
1171 3486 1236 3527 ma-

43 3545 80 3622 gis
96 3556 242 3620 commoda
266 3565 293 3616 st
317 3555 407 3620 eorda
430 3547 579 3614 honuinnm
605 3551 804 3615 veliementius
829 3570 974 3632 pungens,
998 3570 1084 3631 quam
1102 3546 1144 3610 illi
1163 3550 1235 3627 dies,

44 3633 83 3710 qui
97 3640 251 3720 angustiis⁴
279 3637 439 3714 doloribus,
464 3660 567 3702 cruere
587 3647 615 3700 et
641 3641 731 3700 morte
755 3637 864 3700 Christi
881 3637 967 3720 quasi
990 3637 1126 3700 calchont
1149 3647 1236 3718 atque

45 3734 112 3786 crant
135 3725 270 3808 signati?
308 3725 428 3790 ludaeis
445 3722 530 3789 etiam
555 3725 687 3792 sollenne
704 3735 775 3802 erat,
793 3725 909 3808 quoties
926 3745 1022 3786 annus
1046 3721 1183 3786 rediisset
1205 3723 1237 3786 in

45 3805 186 3888 circulum,
215 3811 404 3878 emanuelem
421 3812 496 3877 diem
512 3809 597 3877 ratde
620 3813 791 3877 dilectorum
816 3822 867 3874 aut
893 3811 968 3874 bene
985 3809 1151 3875 meritorum
1168 3811 1238 3874 illo-

44 3911 95 3958 rttu
112 3900 256 3964 destinare
273 3899 365 3966 luctui
383 3909 411 3962 ct
428 3899 594 3963 memoriae.
625 3894 769 3982 Exempla
785 3901 877 3961 trabes
893 3899 959 3960 Jud.
978 3897 1036 3974 ll,
1053 3900 1105 3962 40.
1130 3901 1161 3964 2.
1177 3901 1239 3964 Pa-

44 3979 87 4044 rnl.
102 3978 151 4061 35,
171 3987 223 4048 25.
239 3989 275 4049 ad
296 4007 380 4070 quem
397 3983 493 4050 locum
511 3993 548 4048 R.
567 3989 629 4051 Sat.
645 3991 757 4050 sarcos:
777 3993 889 4064 Quoties
904 3983 1003 4046 occidit
1018 3991 1089 4066 ipsis
1106 3990 1166 4052 olto
1184 4010 1238 4054 nn·
1310 4033 1314 4044 .
1336 4009 1339 4017 ’

42 4075 122 4140 pastio
138 4083 163 4132 et
175 4095 224 4134 aas
243 4072 424 4152 deplorando,
446 4077 550 4154 panotios
566 4075 793 4138 lamentabantur
809 4096 842 4136 uc
860 4071 993 4146 deflebunt
1012 4095 1095 4134 cosam
1106 4078 1159 4136 sihi
1175 4097 1238 4138 aas·

42 4159 142 4237 nisam,
160 4167 243 4224 totius
259 4163 343 4240 letojus
359 4176 465 4242 quoquc
476 4165 625 4238 'onpnstiac
637 4163 790 4238 injecerunt
806 4165 978 4222 mentionem
1001 4163 1240 4234 Quemadmodum

43 4257 85 4300 ms
99 4245 140 4304 dio
156 4251 276 4325 Aapustt
291 4269 364 4311 noso
383 4250 448 4326 (qui
463 4246 581 4314 datdonis
596 4250 690 4310 multis
713 4251 746 4310 de
763 4253 857 4310 causis
872 4245 1001 4324 funestus
1019 4250 1074 4328 est)
1097 4255 1240 4312 instituere

43 4325 243 4399 hotenntotioaes
257 4341 447 4400 mnouaoimus
463 4343 575 4414 proptor
589 4341 692 4399 cosmos
708 4357 758 4415 per
772 4337 847 4410 fato,
870 4353 940 4413 quoe
956 4344 1051 4396 nostro
1068 4344 1239 4414 conttpomnt

43 4433 117 4480 oeno:
139 4427 182 4484 otc
194 4427 253 4507 ipsi
269 4415 368 4500 datione
381 4423 507 4502 snahnnt
524 4423 596 4484 diam
618 4425 796 4488 emanuelem
811 4426 917 4484 doctos.
943 4425 1010 4484 Non
1026 4443 1104 4486 secus
1118 4443 1154 4486 ao
1169 4423 1239 4484 dod.
1303 4499 1307 4508 ι

974 4522 1040 4586 12*
