2982 4892
278 309 296 322 κ
330 272 367 334 de
383 268 535 333 columbas
551 267 693 334 iusseris
711 235 787 334 ideis
801 269 970 337 simulacro.
1191 269 1262 338 m

41 435 322 530 chmstiaoenu'mex
333 443 539 526 Gregorio
562 443 711 509 Taren.
726 442 756 530 *)
782 443 914 526 corruat,
938 453 1093 529 nements,
1108 445 1254 511 bominem

40 548 121 602 eum,
140 529 188 611 qui
207 531 372 593 columbam
389 550 508 595 auream
523 531 586 596 eS.
599 533 747 616 Dionysii,
764 533 944 596 Parisieosis
961 533 1254 615 episcopi,·sepuloro

38 617 141 678 furtim
158 617 276 680 auferre
287 619 437 698 noluisset,
456 641 491 683 ea
502 621 569 701 ipsa
585 619 699 699 lancea,
717 641 776 702 qua
792 619 901 684 elidere
916 621 995 684 illam
1012 621 1161 698 noluisset,
1179 640 1260 683 con-2·

38 705 155 766 fossum
170 705 307 786 periisse.
352 707 386 768 lo
405 709 668 789 Langobardorum
686 707 831 790 sepulcris
848 710 985 790 antiquus
1001 709 1115 770 illorum
1130 709 1258 789 scriptor

38 791 476 859 PaullusWanuelried
488 797 533 876 ”t
550 795 705 860 columbas
717 817 753 859 ex
769 796 852 878 ligno
868 797 964 860 laetae
981 795 1157 880 pependisse
1170 817 1254 860 eom·-

38 892 191 944 memorat.
375 902 379 908 “
568 931 573 936 .
919 929 921 935 -
1115 913 1118 918 ·
1242 926 1263 940 ,.

122 965 236 1032 Aureae
246 989 318 1032 rere
329 969 482 1032 columbas
499 989 708 1051 nonnunquam
722 969 896 1034 Sanctorum
913 970 1046 1054 reliqniis
1060 971 1254 1035 conditorium
1352 1024 1355 1036 .

37 1055 214 1139 praebuisse
223 1057 320 1120 uafmt
334 1059 414 1121 toa.
432 1055 699 1120 Mabillonins
716 1057 784 1142 “**).
1087 1085 1090 1094 ’

129 1159 286 1224 Habebunt
303 1161 370 1223 olim
388 1164 492 1223 demus
514 1161 664 1224 institutae
690 1162 854 1243 peregrinis
871 1161 1054 1245 excipiendis
1072 1173 1099 1225 ct
1115 1163 1256 1246 pauperi·

37 1249 101 1310 bus
116 1249 315 1311 refocillandis
328 1247 498 1330 plerumque
513 1249 544 1310 in
556 1249 737 1312 coemeteriis
756 1251 861 1326 locum,
878 1251 946 1312 item
964 1261 996 1314 ut
1008 1261 1108 1314 nostro
1127 1263 1254 1331 tempore

36 1339 119 1417 apud
137 1357 190 1399 nos
205 1337 236 1397 in
256 1336 389 1400 Saxooia
413 1337 561 1414 ridemus3
588 1357 663 1418 quae
689 1337 758 1418 quia
774 1338 837 1400 fere
854 1338 976 1420 Spiritui
994 1339 1102 1402 Sancto
1120 1339 1255 1401 dedicata

36 1433 122 1500 sunt,
151 1425 180 1484 iu
198 1423 292 1487 fronte
307 1435 359 1512 aut
374 1425 404 1486 in
421 1424 502 1486 aditu
527 1433 577 1486 ant
592 1426 621 1485 in
638 1424 696 1486 alio
713 1426 843 1510 principe
862 1427 965 1490 domus
989 1426 1054 1489 loeo
1078 1425 1125 1489 vel
1150 1426 1256 1508 pictam

9 1547 10 1556 κ
35 1511 86 1574 ecl
105 1505 229 1573 effictam
246 1515 402 1574 ostendunt
426 1512 579 1576 columbae
603 1511 732 1594 speeiem
749 1534 828 1590 eam,
853 1535 912 1596 qna
935 1515 1055 1578 indutus
1073 1515 1201 1596 Spiritus
1221 1515 1253 1579 S.

36 1602 76 1660 de
102 1598 183 1660 coelo
207 1600 360 1662 descendit
382 1621 418 1662 ac
441 1599 566 1674 iohanni
590 1600 759 1682 Baptistae,
784 1623 872 1683 quum
894 1602 921 1664 is
940 1601 1087 1666 Christum
1117 1603 1255 1666 iordanis

35 1685 161 1748 flumine
178 1686 332 1763 abluisset,
350 1687 589 1769 conspiciendum
606 1709 640 1750 se
656 1689 789 1769 praebuit
803 1690 848 1770 †).

127 1792 151 1852 A
174 1791 356 1854 coemeteriis
379 1794 415 1853 ad
440 1791 535 1873 ipsum
557 1791 696 1872 templum
720 1801 753 1854 ut
768 1791 938 1870 veniamne,
963 1793 993 1853 in
1020 1795 1084 1876 ejus
1109 1794 1253 1855 vestibulo

8 1909 9 1924 o
36 1877 153 1961 pariter
174 1887 262 1961 atque
285 1883 315 1939 in
341 1879 443 1941 abside
465 1879 625 1960 antiquitus
652 1889 735 1942 crant
758 1880 872 1962 positae
897 1900 1018 1958 cruces,
1052 1878 1253 1945 columbarum

35 1967 221 2046 imaginibus
238 1976 367 2029 ornatae.
411 1967 453 2030 lis
470 1967 546 2030 enim
572 1966 726 2046 crocinus,
754 1989 829 2048 quae
854 1967 972 2048 publico
988 1967 1019 2030 io
1035 1968 1100 2030 loco
1119 1981 1255 2050 tanquam

35 2054 148 2117 salutis
163 2054 393 2118 Christianorum
409 2053 497 2133 signa
513 2055 624 2136 positae
641 2057 766 2130 stabant,
784 2064 897 2120 veteres
913 2065 1090 2120 consuerant
1104 2055 1255 2138 imponere

7 2215 9 2222 .
35 2163 169 2224 superne
193 2153 252 2205 tres
275 2139 345 2205 illas
367 2141 528 2222 imagines,
553 2143 660 2224 quibus
677 2141 860 2206 manifestari
877 2154 980 2208 sauota
997 2143 1131 2209 Trinitas
1155 2145 1255 2224 voluit,

35 2245 89 2294 aut
107 2238 188 2320 certe
205 2228 379 2310 columbam,
396 2229 526 2312 Spiritus
543 2231 577 2295 S.
595 2228 720 2314 liguram
737 2227 806 2312 Η).

8 2393 9 2402 ¹
41 2409 270 2424 m

110 2519 142 2590 ¹)
161 2525 201 2572 De
228 2521 318 2586 gloria
346 2531 454 2590 martyr.
477 2519 526 2572 tit.
547 2518 567 2571 Ι.
594 2520 665 2587 (pag.
685 2519 747 2572 802.
774 2519 836 2572 edit.
862 2518 1048 2581 aaronita:
1077 2520 1151 2572 Alius
1175 2536 1256 2588 anper·

34 2594 186 2658 sepulcrum
205 2600 322 2640 sartorum
342 2593 512 2641 calcaremus
532 2598 654 2653 oretum,
674 2589 734 2638 dum
761 2587 901 2638 columbam
918 2606 1025 2639 aureum
1042 2592 1134 2640 lanera
1152 2592 1257 2659 qarom‘t

6 2697 8 2716 2
33 2661 136 2710 elidere
159 2653 254 2726 etipsa
274 2661 434 2728 stapedibus
458 2659 492 2709 ab
515 2667 628 2726 utraque
643 2666 730 2722 purte,
760 2659 823 2725 quia
842 2658 954 2708 stammas
970 2667 1027 2708 not
1045 2661 1161 2710 merulus
1177 2660 1209 2726 (i.
1229 2676 1253 2712 e.

7 2727 8 2796 q
35 2745 88 2780 oon
108 2728 202 2780 turrim
225 2678 322 2779 bozena
340 2730 495 2798 impositam,
517 2728 560 2779 sed
580 2727 606 2778 in
624 2727 725 2778 modum
743 2726 883 2795 pyramidis
909 2727 1083 2794 acuminatus)
1106 2731 1257 2795 compressio

7 2797 8 2820 ¹
35 2797 178 2862 testr'culr'e,
198 2798 290 2846 lancea
307 2799 335 2848 e'e
354 2799 437 2847 lutere
459 2795 552 2860 defixo,
573 2796 698 2846 exanimis
716 2805 753 2846 est
771 2796 898 2846 inventare.

108 2881 155 2944 **)
177 2881 215 2934 De
235 2881 311 2936 rebus
330 2883 493 2946 Longobard.
515 2885 541 2947 5,
562 2881 605 2934 34.
627 2880 752 2950 „Siquis
772 2888 817 2932 eut
836 2881 947 2934 inbelle
967 2890 1013 2936 out
1030 2885 1255 2952 quomodocunque

35 2951 172 3004 extinctus
190 2949 298 3015 luisset,
327 2951 511 3016 consanguinei
540 2951 580 3002 sui
608 2949 679 3004 intra
697 2947 817 3016 sepulcra
834 2951 958 3016 perticam
981 2951 1109 3018 figebant,
1138 2953 1163 3004 in
1183 2955 1256 3020 cujus

34 3019 189 3072 summitate
210 3019 353 3072 columbum
379 3037 412 3072 ex
437 3020 506 3084 ligno
532 3019 627 3074 luctam
652 3019 798 3086 ponebant,
821 3035 892 3092 ,quaa
912 3017 974 3072 illue
1001 3037 1078 3074 versa
1104 3029 1190 3090 esset,
1211 3021 1256 3073 ubi

32 3105 128 3140 eorum
148 3087 257 3142 dilectus
278 3089 423 3143 obiisset.“

110 3172 374 3238 *¹*t1tatuorgto
401 3175 614 3226 Gallicanolib.
635 3173 656 3226 l.
685 3176 806 3240 pamllt.
832 3175 941 3240 scribit,
970 3176 1125 3230 mentionem
1148 3177 1206 3232 lieri
1225 3177 1257 3230 de

34 3258 123 3294 aurea
149 3243 269 3296 columbo
293 3245 420 3296 ecelesiae
445 3244 471 3294 b.
495 3241 594 3294 Mariua
617 3242 797 3297 Laodnueosis
825 3243 857 3294 eb
882 3243 1068 3298 Hermanno
1093 3244 1256 3304 Mounebo

34 3313 84 3363 lib.
112 3310 159 3362 lll.
184 3313 225 3360 da·
243 3313 342 3362 Miser.
368 3313 479 3362 Mardos
503 3327 527 3361 o.
554 3314 600 3365 28-
625 3319 747 3362 narrante
771 3312 866 3364 lurtum
893 3312 1006 3364 anselmi
1036 3315 1184 3380 cujusdam,
1214 3316 1258 3381 qui

33 3395 147 3431 auream
168 3381 310 3432 columbam
329 3381 441 3432 oblatam
461 3379 645 3443 confregisset,
672 3381 778 3430 multum
798 3380 921 3430 famosum
942 3380 1012 3432 illum
1031 3389 1058 3434 et
1080 3384 1258 3435 honorabilem

33 3449 68 3500 ob
92 3448 122 3500 S.
142 3446 243 3500 Mariae
261 3449 307 3500 len
320 3457 347 3500 et
364 3449 472 3515 capillos
492 3449 562 3500 intus
580 3448 737 3499 morotius.
773 3447 852 3500 notit
864 3445 1112 3515 blabillouius,
1133 3452 1175 3502 vin
1194 3451 1258 3502 alibi

33 3519 129 3584 aliquo
150 3519 177 3569 iu
196 3519 253 3568 loeo
272 3517 397 3582 ejusmodi
415 3517 556 3578 columbas,
573 3529 638 3584 qaue
657 3517 781 3583 reliquias
800 3516 969 3574 continerent,
990 3517 1111 3570 inueniri.
1132 3519 1167 3569 Aa
1184 3519 1256 3570 Ant.

32 3587 199 3638 bellante
224 3587 250 3636 ie
279 3588 423 3636 occaecata.
450 3587 487 3636 nd
505 3586 571 3637 Rite.
596 3585 719 3636 ecelesiae
736 3586 859 3638 Laudem.
886 3585 1014 3636 reclinium
1034 3601 1090 3652 pur.
1118 3588 1193 3638 taba.
1211 3587 1257 3647 nd.

32 3672 59 3722 p.
85 3658 149 3708 502.
178 3655 259 3706 tradit
285 3653 426 3709 utacum
445 3656 512 3718 virg.
533 3661 651 3709 suentem
677 3653 718 3704 loo
738 3653 799 3706 inda
826 3652 859 3704 nb
888 3653 1073 3720 antiquissimis
1099 3653 1270 3722 temporibus.

31 3723 146 3776 vasculo
168 3739 258 3786 aaran,
280 3723 307 3774 iu
328 3723 461 3774 culumbae
482 3722 589 3774 formum
605 3721 749 3786 =conlecto,
776 3722 803 3772 io
821 3722 934 3774 eeclesia
951 3721 1117 3774 Laudooeusi
1137 3724 1259 3781 adserve-

31 3799 102 3858 tum,
127 3793 267 3859 quotannis
285 3791 356 3844 Vlll.
376 3793 430 3844 kal.
448 3791 514 3843 leba.
535 3791 629 3844 lesbon
646 3791 812 3844 sollennituto
833 3791 955 3844 honorari
974 3799 1001 3842 et
1021 3791 1080 3842 ooli.

105 3877 142 3939 †)
163 3876 332 3930 Pertinebunt
350 3879 376 3934 iu
390 3879 473 3930 veteri
488 3877 600 3928 ecelesia
620 3876 746 3942 ejusmodi
764 3877 853 3928 domus
872 3877 904 3929 od
917 3877 1026 3929 exedras
1044 3878 1143 3946 templi,
1166 3879 1259 3948 quibus

29 3943 203 3998 Theodosius
223 3945 286 4014 lmp.
308 3948 364 4011 lego
383 3947 446 3998 illa:
467 3948 499 3994 de
517 3945 559 3995 bis
577 3947 623 4012 qni
647 3946 684 3994 od
708 3946 829 3996 ecelesias
855 3945 1011 4010 confugiunt
1031 3948 1155 4009 eundem,
1182 3965 1259 4016 qaam

29 4015 153 4068 basilios
177 4015 235 4082 ipsa
258 4016 389 4080 babebat,
423 4015 610 4068 immunitatem
636 4015 773 4068 concessit.
817 4013 854 4066 lle
878 4016 918 4068 bin
945 4017 1128 4080 Hospitalidus
1154 4026 1261 4085 praeter

28 4081 339 4153 liircbtnayerum
363 4085 390 4135 io
415 4084 478 4136 dies.
498 4083 530 4135 ad
556 4083 626 4136 illum
647 4081 802 4144 seutentiam
821 4081 969 4136 Laetautii:
990 4087 1070 4142 omrn'a
1098 4095 1173 4136 aetna
1190 4089 1262 4138 uitae

28 4162 163 4215 nostroe,
185 4171 218 4202 aa
241 4161 331 4203 careat
354 4153 545 4205 miserirordiae
567 4167 671 4200 mnam
698 4168 742 4218 pro
762 4153 829 4204 oeita
847 4151 933 4204 Viteb.
955 4154 1031 4208 1693.
1051 4155 1106 4219 agir
1124 4157 1259 4222 praeclare

27 4221 53 4278 J.
77 4220 115 4273 A.
139 4221 339 4274 Submidius
358 4221 389 4274 de
407 4221 586 4286 Hospitalis.
606 4223 713 4272 Anniae.
733 4168 841 4274 lfclrust.
863 4225 938 4274 1715.
957 4221 1001 4272 4..
1021 4259 1024 4268 .

107 4306 169 4372 ††)
190 4305 244 4358 lluo
265 4307 297 4360 da
321 4323 349 4358 re
369 4305 449 4357 babet
466 4306 577 4367 erudita,
596 4305 659 4356 lieet
676 4321 692 4356 u
712 4307 894 4373 superstitione
913 4307 980 4358 baud
1000 4309 1096 4375 aliena,
1110 4311 1157 4376 qui
1178 4313 1263 4364 erneis

27 4375 199 4426 Dominioae
224 4377 377 4443 particulam
403 4373 589 4440 iu,upostolioo
616 4375 731 4426 onerario
750 4373 845 4426 Rornae
862 4375 1027 4429 adurentem
1050 4379 1176 4432 describit
1198 4382 1264 4432 Aa.

27 4444 148 4507 getas
183 4443 294 4498 Roeon
325 4443 357 4496 Τ.
380 4442 399 4496 l.
428 4443 557 4496 Tbeannri
577 4441 736 4510 pontificiae.
758 4453 784 4494 st
808 4459 878 4502 mer,
902 4447 1048 4516 Anen'qniu.
1070 4447 1116 4504 rit.
1139 4464 1263 4502 cumn.
1353 4467 1357 4475 ’

26 4511 140 4568 Romae
163 4511 242 4569 ¹745.
263 4529 290 4583 p.
314 4516 397 4570 155.Λ
1040 4535 1047 4556 t

87 4599 162 4643 Thes.
174 4599 280 4654 antiquitt.
291 4599 362 4644 ebriat.
373 4599 392 4643 1.
402 4603 425 4647 2.
670 4627 672 4633 -
895 4658 900 4671 .
991 4628 1001 4645 .
1023 4603 1064 4669 10
