2982 4892
194 203 260 276 ³10
576 259 582 276 ,
670 203 698 269 J.
720 199 769 268 W·
786 189 934 285 Santram

193 396 271 474 qnae
285 373 359 438 haec
378 373 540 452 omitttunt‚
566 373 596 438 iu
613 374 649 436 iis
666 371 932 446 forroduaottlm
955 391 1044 435 uoces
1071 379 1208 456 tanquam
1230 393 1424 458 synonymae

193 488 253 529 nuo
271 461 414 524 uocabulo
431 472 499 524 sunt
516 461 656 525 redditae.
690 461 733 524 lta
750 482 866 542 quoque
882 459 1060 524 recentiores
1077 459 1251 540 interpretes
1274 482 1424 541 προσευ-

194 543 254 638 ’χήν
271 555 300 613 et
315 537 440 630 derium,
466 561 602 632 tanquam
621 569 698 611 mere
715 570 907 632 synonymae,
934 569 1038 630 preces
1054 548 1085 608 in
1101 549 1274 612 universum
1290 545 1420 632 signifi-

195 661 263 704 care
280 637 461 713 existimant,
484 647 688 718 provocantes
706 639 744 702 ad
761 634 829 718 loca
844 637 921 718 Eph.
936 635 967 714 4,
995 635 1053 714 18;
1069 633 1145 698 Phil.
1164 633 1201 712 6,
1227 635 1257 698 c.
1302 637 1423 700 Fateor

196 726 330 812 quidem,
355 727 428 786 haec
456 723 599 786 vocabula
626 744 833 806 nonnunquam
855 723 942 807 jungi
966 732 1103 810 tanquam
1127 743 1290 806 synonyma
1322 733 1353 786 et
1380 725 1421 786 de

195 815 400 896 cujuscunque
417 811 537 892 generis
554 812 692 893 precibus
709 811 841 877 adhiberi
859 811 889 874 iu
906 801 1036 894 epistolis
1052 809 1137 872 Pauli
1147 835 1157 886 ς
1191 811 1242 870 scd
1268 809 1336 876 inde
1354 832 1420 872 non

195 901 345 982 seqnitur,
376 899 489 960 Lucam
505 899 582 964 hanc
598 898 735 980 loquendi
752 897 912 976 rationem,
944 901 1030 982 cujus
1045 893 1157 976 nullum
1174 905 1273 960 exstat
1294 897 1326 960 in
1347 899 1419 980 ejus

195 987 311 1070 scriptis
329 983 510 1067 exemplum,
545 987 574 1049 h.
598 986 617 1049 l.
642 997 774 1048 secutum
796 1007 872 1050 csse.
908 985 1018 1070 'Potius
1035 983 1214 1062 existimem,
1231 983 1348 1051 Lucam
1367 987 1419 1064 bic

194 1085 350 1154 utrumque
367 1071 541 1135 uocabulum
554 1073 711 1156 junxisse,
726 1084 768 1156 ,¹¹²
784 1067 995 1156 quodammodo
1013 1073 1173 1149 indicaret,
1192 1073 1261 1152 quid
1277 1070 1421 1156 Apostoli

194 1161 306 1246 precati
323 1161 398 1238 sint,
416 1181 468 1226 eos
485 1181 587 1244 nempe
605 1163 700 1232 Deum
718 1164 859 1229 adorasse
876 1157 1039 1242 laudesque
1057 1160 1171 1225 diuinas
1189 1159 1359 1224 celebrasse
1378 1163 1419 1222 oh

194 1249 344 1328 insignem
359 1243 441 1310 illam
456 1245 597 1328 gloriam,
622 1253 659 1312 ad
677 1269 762 1330 qnam
779 1261 897 1314 enectus
916 1258 994 1312 esset
1009 1254 1148 1331 magister
1164 1247 1304 1328 optimus,
1322 1245 1419 1312 simul

195 1358 265 1404 vero
284 1336 369 1398 etiam
386 1331 536 1416 supplices
554 1357 572 1398 a
588 1337 651 1400 Deo
669 1337 799 1418 petiisse,
816 1357 891 1420 qnae
907 1357 960 1418 pro
977 1357 1073 1416 rerum
1089 1335 1276 1412 conditione,
1307 1333 1337 1408 in
1356 1357 1418 1416 qna

195 1433 394 1499 uersarentur,
411 1423 469 1484 sihi
487 1433 586 1486 essent
602 1421 789 1502 necessaria,
806 1424 947 1508 imprimis
965 1435 996 1485 ut
1012 1417 1072 1504 apti
1094 1417 1328 1492 redderentoret
1344 1423 1417 1487 ido-

190 1511 245 1574 nei
262 1513 300 1572 ad
318 1511 478 1572 doctrinam
494 1512 569 1574 lesu
585 1511 717 1589 redivivi,
734 1521 762 1575 et
777 1508 991 1598 Hierosolymis
1011 1523 1038 1579 et
1053 1509 1178 1572 inomni
1195 1509 1308 1582 Judaea
1323 1521 1416 1597 atque

145 1659 152 1666 ,
196 1597 383 1662 Samaria'ad
401 1597 609 1678 remotissimas
625 1620 720 1682 usqne
738 1609 831 1662 terrac
857 1618 942 1678 oras,
976 1619 1015 1680 ert¹
1036 1597 1131 1680 ipsius
1146 1597 1282 1667 mandato
1300 1597 1366 1666 Act.
1384 1599 1417 1675 l,

197 1685 234 1764 8,
252 1685 451 1750 nuntiandam.
495 1687 564 1770 Huo
588 1697 665 1749 certe
690 1697 802 1768 spectat
824 1696 882 1750 tota
898 1687 977 1753 Petri
998 1685 1108 1762 oratio,
1140 1679 1215 1766 qtae
1241 1687 1342 1764 eodem
1358 1686 1417 1751 boo

197 1773 292 1855 capite
313 1791 342 1836 u.
369 1775 408 1833 15
439 1794 482 1836 ss.
503 1771 624 1854 legitur.
663 1773 736 1836 lllnd
769 1796 885 1856 quoqne
909 1773 1098 1853 animaduerti
1122 1782 1265 1850 meretur,
1300 1773 1417 1841 Lucam

195 1863 259 1926 Act.
269 1859 301 1940 4,
311 1863 362 1937 31,
372 1871 440 1944 post
450 1872 635 1926 memoratam
647 1861 754 1929 similis
766 1855 929 1946 argumenti
942 1857 1149 1944 precationem,
1168 1859 1257 1924 verbo
1276 1853 1417 1925 δέεσθαι

198 1970 285 2012 nsum
303 1966 403 2012 essex
1348 2007 1353 2012 .

282 2033 413 2096 Alterum
430 2033 593 2115 exemplum
610 2033 754 2096 sollemnis
771 2022 965 2116 precationis,
983 2032 1104 2119 qnae'iri
1122 2022 1267 2106 conuentu
1281 2033 1417 2118 Aposto-

157 2159 159 2166 ι
195 2123 290 2184 lorum
313 2130 341 2181 et
357 2120 534 2202 reliquorum
552 2121 659 2184 Christi
678 2122 898 2224 discipulorum,
916 2145 952 2188 ex
972 2124 1079 2206 quibus
1094 2122 1157 2187 fere
1179 2121 1281 2204 uiginti
1297 2133 1330 2210 et¹
1342 2143 1418 2186 cen-

197 2219 257 2274 tnm
274 2216 357 2270 erant
374 2208 563 2290 congregati,
596 2209 695 2272 habita
717 2209 789 2291 fnit,
814 2211 923 2290 legitur
942 2211 1006 2289 Aer,
1023 2209 1061 2290 l,
1078 2211 1137 2288 24,
1155 2211 1206 2277 25.
1251 2209 1416 2292 Postquam

195 2297 302 2360 Petrus
319 2307 489 2376 surrexerat
505 2310 533 2358 et
549 2296 580 2358 in
604 2295 700 2359 locum
716 2299 810 2366 dodae
827 2298 981 2378 proditoris
1007 2298 1096 2363 alium
1116 2292 1321 2364 sufficiendum
1345 2318 1416 2365 esse

195 2391 366 2464 monuerat,
399 2385 456 2445 dno
475 2383 559 2446 electi
575 2396 644 2446 sunt
661 2405 677 2446 e
694 2383 801 2447 Christi
818 2385 1013 2456 sectatoribus
1030 2385 1102 2464 uiri,
1135 2385 1280 2468 Josephns
1298 2396 1325 2448 et
1340 2385 1415 2447 Ma-

196 2473 290 2550 thias,
318 2493 440 2554 quornm
463 2472 593 2534 alterutri
615 2493 720 2536 munus
745 2473 938 2554 apostolicum
962 2483 1042 2536 sorte
1066 2461 1307 2554 assignaretur(
1325 2471 1415 2550 Quod

180 2571 292 2630 ,tamen
308 2569 464 2640 autequam
478 2558 568 2634 ficret,
587 2558 692 2642 aDeo,
709 2561 758 2642 qni
773 2559 1065 2638 hominnmindolem
1082 2581 1251 2642 omnemque
1268 2559 1415 2640 sentiendi

159 2670 162 2676 ·
197 2658 224 2710 et
241 2646 390 2731 cogitandi
407 2647 548 2708 rationem
566 2647 673 2708 habeat
691 2661 889 2730 perspectam,
913 2649 1062 2729 supplices
1079 2649 1238 2729 petierunt,
1257 2657 1288 2708 nt
1304 2657 1414 2710 sortem

154 2729 157 2739 “
196 2733 351 2811 dirigendo
369 2729 552 2811 declararet,
576 2735 642 2814 quis
661 2755 698 2795 ex
713 2735 795 2796 hisce
812 2740 926 2797 dndhne
945 2736 1054 2817 dignus
1071 2737 1124 2812 sit,
1145 2736 1194 2818 qni
1209 2732 1238 2794 iri
1256 2735 1415 2815 Apostolo-

197 2836 262 2883 rum
282 2837 432 2882 numerum
453 2831 604 2902 cooptetur
622 2831 650 2884 et
666 2823 811 2904 suscipiat
826 2843 942 2900 munna,
961 2826 1038 2885 nude
1056 2820 1223 2887 decesserat
1237 2821 1340 2884 ludas.

286 2907 378 2970 Porro
395 2929 514 2994 precum
530 2910 561 2970 in
578 2910 783 2990 Apostolorum
801 2921 828 2972 et
846 2907 1024 2992 reliqumum
1042 2908 1251 2990 discipulorum
1269 2908 1415 2972 conventu

195 2997 338 3058 factarum
363 2997 528 3076 exemplam
551 3000 704 3058 admodum
736 2995 866 3059 notabile
892 3009 936 3060 est
960 3000 1024 3060 Act.
1049 2997 1090 3076 4,
1108 2999 1267 3059 ‘tl-*dd
1305 2997 1412 3060 Petrus

195 3085 331 3146 nimirum
347 3093 375 3143 et
388 3085 527 3156 loannes,
545 3091 613 3164 post
628 3085 797 3165 miraculum
814 3085 844 3145 in
862 3085 979 3148 homine
997 3085 1240 3166 quodamclando
1257 3093 1413 3164 patronum,

196 3175 233 3234 ad
251 3171 419 3230 sacerdotes
445 3181 473 3229 et
496 3171 687 3250 magistratus
704 3173 1044 3250 ludaeorum‘adducti,
1077 3193 1173 3254 neque
1197 3183 1292 3234 tamen
1311 3193 1412 3236 eornm

196 3256 470 3319 comminationibus
494 3259 656 3338 perterriti,
688 3265 807 3322 oausam
831 3281 913 3322 suam
932 3274 989 3323 tam
1005 3263 1123 3323 strenue
1141 3259 1349 3352 defenderant,
1381 3271 1413 3324 ut

195 3345 314 3424 impune
330 3342 550 3408 dimitterentur.
594 3347 723 3409 Felicem
741 3349 818 3410 hunc
843 3351 884 3411 rei
903 3351 1011 3412 exitum
1036 3370 1103 3410 mox
1126 3347 1297 3409 nuntiarunt
1321 3349 1411 3411 sociis

197 3431 346 3495 staminis
370 3451 430 3518 una
452 3434 654 3513 congregatis
679 3445 706 3497 et
728 3437 809 3498 hisae
835 3437 941 3499 auditis
963 3455 1063 3500 omnes
1087 3455 1146 3496 uno
1170 3435 1268 3497 animo
1292 3453 1409 3518 unaque

194 3521 349 3583 venenuo
366 3521 479 3600 gratias
502 3531 626 3600 egerunt
650 3524 774 3604 ejusque
790 3525 932 3586 auxilinm
949 3524 1149 3606 implorarunt.
1193 3520 1278 3585 initio
1295 3522 1375 3585 facto
1392 3545 1409 3586 a

195 3606 365 3688 doxologia,
389 3629 447 3689 qna
463 3609 558 3669 Deum
574 3627 671 3670 rerum
689 3611 889 3672 uniuersitatis
904 3613 1060 3673 Dominum
1078 3610 1245 3691 appellant,
1259 3610 1408 3692 usiperi-

196 3716 271 3774 cupa
288 3715 303 3756 e
321 3696 371 3756 Ps.
386 3694 418 3770 2,
432 3697 544 3774 ‚1-2,
563 3696 626 3768 liei,
643 3697 732 3778 impia
745 3698 895 3761 ¹hominurn
913 3699 1039 3760 consilia
1054 3689 1136 3759 irrita'
1152 3697 1307 3774 reddentis,
1324 3690 1407 3780 mag·

195 3781 356 3844 ntenttmm
380 3783 530 3844 celebrant
555 3801 590 3844 ao
613 3785 726 3845 laudeni
751 3785 781 3844 in
807 3787 860 3846 has
884 3787 1020 3847 desinunt
1034 3791 1156 3866 preces:
1185 3785 1291 3862 „Nunc
1307 3785 1407 3865 igitur,

195 3867 350 3947 „flamina
367 3868 488 3960 istorum
506 3870 652 3932 hominnm
671 3871 824 3954 (Herodis,
841 3873 944 3952 Pilati,
960 3875 1153 3951 ludaeorum,
1171 3893 1246 3954 quos
1265 3883 1406 3955 auteme-

195 3961 412 4034 „moraeerantl
432 3958 676 4039 minas-respice,
704 3967 731 4024 et
755 3959 894 4022 ministris
919 3961 960 4023 tui
975 3964 1122 4038 concede,
1139 3973 1186 4022 'ut
1204 3975 1269 4022 cunt
1292 3963 1404 4026 summa

196 4041 323 4120 „fiducia
339 4043 499 4106 doctrinam
516 4057 593 4107 tuam
611 4041 742 4124 tradant,
773 4066 889 4112 manum
907 4058 987 4111 tuum
1001 4044 1187 4111 'extendendo
1205 4051 1242 4110 ad
1259 4053 1403 4112 sanandos

196 4139 373 4209 „aegrotos,
401 4141 429 4193 ot
444 4129 577 4214 portenta
594 4153 629 4196 ac
645 4135 783 4215 prodigia
801 4138 928 4216 edenda,
953 4137 1025 4199 Jesu
1043 4137 1198 4199 venerandi
1215 4131 1268 4198 hb'i
1282 4137 1326 4198 tui
1351 4157 1405 4199 au-

195 4217 381 4295 „uterinam
587 4235 590 4242 ⁴
621 4227 626 4236 '
875 4237 881 4245 ·
1018 4237 1021 4246 ¹
1065 4248 1070 4259 -
1194 4242 1211 4262 -’
1288 4236 1300 4245 ··

281 4302 370 4366 Aliud
386 4304 640 4387 insuperprecnm
664 4310 847 4390 publicarum
870 4311 979 4391 legitur
1002 4311 1165 4393 exemplum
1191 4311 1255 4382 hot.
1270 4306 1303 4374 8.
1325 4312 1403 4374 t-t

194 4391 247 4454 uhi
269 4399 419 4472 narratur,
450 4391 621 4458 Antiochiae
644 4397 675 4458 iu
700 4397 787 4480 Syria
811 4399 985 4487 conuenisse
1009 4399 1041 4463 in
1063 4419 1217 4484 synagoga
1245 4399 1401 4482 prophetas
