2916 4904
493 292 530 368 de
551 249 797 364 iastellriuitatise
1213 289 1259 368 45

35 455 217 537 temporibus
233 456 334 520 babitu
350 457 456 538 inisse,
474 463 527 522 sed
544 461 680 524 uidentur
693 461 746 522 illa
770 461 859 539 longe
883 458 941 520 alia
964 459 1059 522 inisse
1074 481 1161 540 quarn
1179 483 1257 526 nuuc

34 553 109 608 sunt.
131 579 175 590 --
192 545 219 628 ξ.
236 545 266 608 3.
284 545 364 610 tera
381 545 466 626 origo
479 548 660 627 jejuniorum
678 548 746 610 mibi
764 547 821 608 ista
836 547 959 608 videtur.
989 545 1060 607 Fuit
1076 546 1144 610 olim
1159 548 1190 608 iu
1207 570 1258 612 ιι-

35 628 126 692 alesia
143 631 279 692 Romana
295 631 395 708 muris,
410 642 443 692 ut
460 633 619 696 Christiani
637 634 842 715 persingulas
866 633 1064 694 hebdomades
1082 643 1124 694 ter
1138 635 1264 714 jejuna,

36 726 105 780 rent.
136 717 245 780 Postea
260 739 332 780 reru
347 719 464 804 jejunia
480 719 554 782 hacc
572 720 802 784 hebdomadaria
818 720 849 782 ia
865 719 1086 782 desuetudinem
1103 732 1258 798 venerant;

36 803 165 866 ecclesia
180 804 279 884 igitur,
296 815 329 866 nt
344 805 513 885 neglectum
529 807 619 868 istum
636 810 849 888 quodammodo
866 817 1082 886 compensaret,
1100 806 1258 885 constituit,

34 903 63 952 ut
77 891 188 954 saltem
204 901 330 972 quatuor
346 892 417 953 anui
434 894 614 974 temporibus
632 894 721 956 semel
736 894 880 975 jejunium
899 913 951 972 per
968 892 1094 956 triduum
1110 893 1187 956 istud
1203 893 1259 956 liu-

36 989 84 1040 ret.
118 978 200 1040 Hinc
222 979 320 1039 adhuc
348 982 428 1058 apud
444 980 613 1042 Pontificius
635 981 780 1061 jejunium
806 990 932 1061 quatuor
954 987 1114 1059 temporum
1139 1001 1197 1042 non
1211 991 1260 1062 est

36 1065 119 1125 unius
138 1065 208 1140 diei,
226 1067 279 1126 sed
297 1086 350 1145 per
366 1066 493 1134 triduum
518 1057 720 1146 protrahitur.
738 1069 838 1146 ltaque
853 1066 967 1145 jejunia
982 1065 1039 1128 ista
1054 1065 1126 1128 nihil
1141 1067 1282 1129 luerunt·

36 1151 122 1227 aliud,
142 1171 230 1232 quam
248 1153 450 1231 compensatio
469 1155 595 1216 omniurn
615 1154 704 1214 totius
730 1152 1010 1234 semicirculorum,
1034 1173 1109 1232 quae
1127 1173 1178 1234 per
1193 1156 1258 1216 siu-

38 1238 120 1318 gulas
137 1238 207 1300 olim
232 1239 413 1318 septimanas
436 1240 499 1302 fieri
525 1240 653 1320 oportuit
676 1241 751 1302 leria
767 1249 886 1320 quarta,
911 1249 996 1302 sexta
1017 1251 1046 1300 ct
1068 1240 1201 1319 septima.
1218 1277 1257 1288 -

38 1324 62 1406 ι.
77 1325 107 1386 4.
124 1325 287 1406 Superest,
306 1336 339 1386 at
357 1347 465 1388 cannas
481 1327 606 1388 instituti
620 1326 727 1408 jejunii
745 1337 870 1406 quatuor
896 1333 1055 1405 temporam
1081 1345 1259 1390 commemo-

39 1431 142 1472 remus.
177 1411 245 1474 Hae
262 1422 361 1474 autem
386 1414 556 1494 cumprimis
581 1417 657 1475 duae
674 1422 753 1475 sunt.
785 1411 902 1474 Altera:
926 1414 1103 1474 ludaeorum
1120 1413 1151 1474 ia
1166 1414 1201 1478 V.
1219 1414 1259 1476 T.

38 1496 202 1562 aemulatio.
232 1499 356 1570 Constat
373 1500 450 1560 caim
468 1522 505 1561 ex
521 1499 614 1562 Zach.
630 1497 662 1577 8,
683 1503 743 1576 19„
762 1501 840 1580 apud
855 1501 983 1562 ludaeos
1009 1511 1112 1579 qnater
1135 1499 1164 1560 in
1182 1519 1259 1570 anno

37 1585 156 1646 solenne
169 1585 318 1666 jejunium
342 1585 447 1648 inisse.
474 1588 609 1667 Aequum
625 1586 716 1667 igitur
735 1595 913 1648 censuerunt
924 1585 1092 1663 Christiani,
1109 1596 1140 1648 ut
1157 1597 1186 1648 et
1202 1585 1259 1666 ipsi

37 1693 86 1732 sua
103 1680 233 1754 quatuor
250 1683 381 1752 tempora
396 1674 554 1750 haberent,
571 1673 679 1753 quibus
695 1673 856 1736 solenniter
876 1673 1055 1753 jejunarent.
1088 1673 1189 1736 Altera
1205 1683 1258 1750 est,

36 1771 63 1818 ut
78 1779 190 1824 aunum
210 1781 277 1820 cum
293 1759 424 1838 singulis
448 1761 580 1840 partibus
596 1762 660 1821 Ιιιο
679 1760 715 1820 Ο.
730 1760 791 1838 ltu,
816 1760 865 1838 qui
892 1769 979 1820 tatum
1004 1779 1113 1820 annum
1131 1769 1259 1838 coronat,

38 1848 135 1906 devota
153 1867 242 1926 prece
261 1849 543 1923 commendaremus,
568 1868 619 1927 pro
638 1846 783 1910 fructibus
800 1853 896 1908 turrae
913 1845 1145 1932 supplicaremus
1164 1854 1192 1908 et
1206 1865 1259 1925 pro

38 1932 136 1994 iisdem
153 1933 215 2012 jam
239 1933 387 2012 perceptis
412 1934 526 2011 gratias
550 1944 716 2013 agoreruns.
748 1934 823 1994 Nam
839 1932 870 1992 in
888 1932 934 1993 his
951 1933 1130 2011 temporibus
1148 1942 1259 2010 tempe·

37 2019 92 2081 ries
109 2019 190 2082 aeris
208 2019 335 2102 maxime
353 2019 435 2080 varia
453 2031 481 2082 et
495 2021 609 2082 fructus
627 2031 721 2082 terrae
739 2017 785 2082 rel
803 2027 942 2080 seruntur
965 2018 1010 2079 uel
1036 2029 1197 2080 nascuntur
1214 2017 1260 2080 uel

37 2103 274 2168 maturanturrel
287 2097 414 2187 denique
430 2105 621 2186 colliguntur.
631 2139 673 2154 -
686 2105 753 2188 §.S
770 2107 868 2168 Unum
883 2105 1030 2166 coronidis
1047 2105 1112 2166 locu
1128 2108 1164 2168 da
1178 2105 1259 2185 jeju-

37 2194 90 2268 uio¹
105 2196 183 2274 quod
201 2191 368 2254 immediate
385 2204 574 2273 pentecosten
592 2193 790 2275 subsequitur,
805 2195 972 2267 nomadum,
985 2203 1070 2271 prout
1083 2192 1259 2271 disputatum

38 2279 90 2340 luit
106 2281 173 2340 olim
193 2289 222 2342 et
238 2281 519 2359 adleuaqnaeritur,
543 2302 582 2341 aa
598 2301 760 2357 congruum
778 2280 817 2340 sit
834 2280 930 2340 statim
947 2300 965 2340 ιι
981 2279 1059 2340 iusto
1076 2285 1260 2356 pentecostes

38 2365 192 2446 jejunare?
226 2367 294 2426 Hoc
318 2367 438 2428 dubium
455 2369 518 2428 Leo
536 2368 580 2428 M.
596 2367 637 2426 ita
654 2365 789 2426 resolvit:
813 2373 880 2443 post
894 2374 1030 2442 peractos
1047 2362 1261 2440 quinquaginta
1286 2423 1299 2440 N

41 2452 104 2512 dies
127 2451 214 2514 festos
238 2453 397 2514 salubriter
418 2454 582 2515 ordinatum
600 2461 645 2512 est
667 2449 830 2530 jejunium,
855 2449 929 2508 atsi
947 2448 1106 2526 quidforta
1130 2447 1205 2506 iatar
1220 2456 1261 2507 tot

40 2539 102 2600 dies
119 2539 209 2600 festos
226 2539 319 2601 nimia
334 2539 453 2602 licentia
471 2549 552 2602 esset
570 2547 733 2618 peccatum,
745 2536 802 2596 hoc
817 2535 882 2614 ipso
897 2531 1013 2614 expleta
1030 2533 1171 2594 festorum
1190 2551 1259 2592 cur·

41 2625 129 2687 riuulo
145 2625 289 2705 religiosa
305 2627 483 2690 abstinentia
499 2625 594 2688 statim
613 2625 808 2686 emendarent.

118 2714 145 2774 1⁴¹
156 2724 284 2775 estam
311 2713 377 2775 SS.
401 2711 642 2774 Trinitatis.
676 2712 721 2772 lle
745 2707 859 2787 origiue
884 2706 973 2788 bojas
990 2705 1058 2770 fasti
1075 2704 1260 2773 variantaa-

41 2811 139 2862 utores.
172 2799 316 2863 Nonnulli
331 2800 393 2880 jam
409 2820 468 2861 sea.
486 2799 536 2863 Vl.
553 2807 701 2878 receptum
715 2797 746 2856 id
763 2795 857 2856 luisse
874 2793 1039 2876 affirmapt,
1064 2796 1140 2873 (pund
1158 2795 1258 2854 eodem

40 2886 178 2966 praelatio
198 2885 264 2946 caui
282 2884 387 2962 soleat,
408 2887 494 2966 cujus
512 2896 615 2948 auctor
625 2883 768 2962 Pelagius
785 2903 861 2962 papa
878 2902 904 2944 a.
918 2881 987 2942 Chr.
1004 2882 1077 2942 578.
1111 2881 1170 2940 Sed
1187 2882 1259 2940 baec

39 2973 178 3052 praelatio
196 2975 231 3032 de
250 2972 395 3035 Trinitate
412 2971 481 3033 olim
499 2993 558 3032 non
575 2971 631 3032 fnit
647 2970 765 3051 propria
780 2969 867 3049 hujus
885 2967 964 3040 festi,
981 2968 1032 3027 sed
1050 2965 1178 3041 siugulis
1195 2966 1260 3025 die-

40 3063 88 3124 bus
105 3057 265 3122 dominicis
282 3059 407 3136 usitata,
425 3067 499 3120 teste
513 3059 563 3120 Mi
574 3080 589 3119 c
601 3079 614 3116 r
624 3078 640 3117 o
652 3057 660 3116 l
672 3077 745 3135 ago
761 3056 792 3115 in
809 3057 888 3116 obss.
905 3051 978 3116 eccl.
992 3052 1044 3114 60.
1078 3051 1136 3112 lilii
1151 3051 1259 3111 festum

40 3145 196 3210 Trinitatis
213 3160 273 3206 ιιι.
290 3146 341 3206 ΙΧ.
366 3146 513 3208 conditura
532 3166 551 3206 a
566 3145 692 3223 Gregar.
710 3143 758 3206 tv.
782 3141 900 3218 dicunt,
916 3140 966 3220 qui
983 3138 1124 3214 instituit,
1151 3147 1181 3198 nt
1197 3136 1259 3198 dies

38 3233 100 3296 lusti
112 3235 149 3294 iu
164 3233 307 3294 honorem
326 3253 384 3294 uon
401 3232 607 3312 Apostolorum
627 3239 737 3292 tantum
761 3238 981 3308 curararum,
999 3229 1050 3288 ιιιι
1069 3236 1097 3288 ιι
1112 3225 1169 3286 SS.
1186 3223 1259 3284 Tri·
1331 3255 1337 3266 ν

38 3321 86 3383 ιιι.
106 3330 136 3382 ιι
152 3318 329 3397 angelorum
347 3324 516 3398 agerentur.
549 3318 610 3379 Sed
635 3327 663 3379 et
679 3317 753 3378 haec
778 3315 862 3395 origo
887 3315 1008 3374 incerta.
1040 3312 1134 3374 Nobis
1151 3310 1259 3372 festum

38 3407 143 3469 Trinit.
162 3405 244 3466 circa
260 3405 386 3467 medium
403 3425 463 3468 sen.
481 3405 548 3466 Xll.
566 3413 664 3465 natam
681 3402 805 3463 uidetur.
837 3399 939 3460 Testis
957 3400 1022 3478 ejas
1038 3398 1080 3458 rei
1099 3405 1142 3458 est
1159 3397 1260 3472 Satin,

39 3495 83 3574 qui
96 3516 125 3556 a.
139 3494 212 3556 car.
226 3493 321 3554 1152.
335 3491 363 3552 ia
382 3489 523 3554 coenobio
536 3488 703 3554 Prumiensi
721 3490 815 3548 abbas
833 3484 888 3546 fnit
906 3493 933 3545 et
950 3483 980 3543 in
997 3482 1048 3544 lib.
1060 3485 1095 3542 de
1112 3491 1188 3541 statu
1208 3501 1259 3540 ec-

38 3581 144 3642 clesiae
162 3579 206 3640 ita
224 3577 342 3641 scribit:
361 3587 523 3650 Miratttur,
549 3580 621 3658 qaod
637 3586 731 3638 anatra
747 3585 866 3658 tempora
889 3574 1017 3636 aonauiti
1039 3576 1068 3632 ia
1086 3574 1261 3630 monasteriis

37 3689 121 3730 nouas
145 3667 316 3740 celebritates
338 3669 481 3728 inducant.
518 3664 631 3738 Onera.²
662 3667 707 3724 Aa
733 3662 860 3741 patribus
883 3661 1017 3722 doctiores
1039 3653 1158 3716 curmusi
1184 3659 1262 3728 Quae

38 3761 119 3831 ipitur
142 3759 219 3816 ratio
243 3754 396 3814 celebrandi
420 3755 523 3827 fartam
542 3747 695 3814 Trinitatis
719 3759 743 3810 at
763 3747 1021 3824 traaafipcrab'oais
1038 3741 1161 3804 ιιιιιιιιιι
1194 3742 1261 3804 Non

39 3840 87 3901 din
102 3850 171 3921 post
187 3858 267 3920 papa
282 3837 337 3898 fuit
351 3839 520 3902 Alexander
535 3838 596 3915 tlt,
613 3836 662 3918 qui
679 3837 786 3900 lustum
797 3831 952 3896 Trinitatis
969 3830 1000 3890 in
1017 3829 1191 3909 quibusdam
1209 3849 1275 3915 ιι-Ι
1342 3835 1344 3840 ’
1359 3823 1363 3842 ¹

41 3927 135 3990 clesiis
153 3923 306 4006 agnoscit,
322 3928 374 3986 sed
391 3927 504 3987 Rornae
521 3944 579 3986 non
605 3920 750 3984 celebrari
772 3921 879 3982 fatetur
894 3939 948 3980 uec
964 3915 1163 3980 necessarium
1179 3923 1262 3996 putat

40 4014 90 4076 buc
107 4013 237 4087 testam,
256 4021 427 4090 propterea,
445 4014 522 4091 qood
540 4011 571 4072 ia
596 4008 724 4074 ecclesia
748 4006 876 4086 singulis
901 4005 1005 4066 diebus
1022 4003 1118 4089 gloria
1135 4002 1215 4064 Patri
1233 4011 1261 4062 et
1290 4053 1296 4080 ,

41 4099 114 4162 Filio
131 4111 162 4164 ιι
180 4096 308 4178 Spiritui
325 4098 357 4158 S.
374 4098 498 4161 dicatur.
529 4099 601 4160 Post
624 4116 675 4176 sec
692 4095 758 4156 Xll.
773 4095 887 4156 Romae
912 4111 1045 4170 quoquc,
1070 4088 1124 4154 atsi
1148 4099 1260 4168 tempus

44 4187 172 4265 praecise
189 4206 251 4246 non
271 4194 393 4262 constet,
409 4185 517 4246 festum
534 4183 691 4245 Trinitatis
707 4180 756 4260 agi
774 4179 887 4258 coepit,
903 4189 953 4253 ut,
971 4178 1213 4258 quemadmodum
1230 4174 1262 4236 ia

45 4273 177 4338 bonorem
195 4271 255 4334 Dei
271 4270 379 4351 patris,
402 4271 494 4333 lilium
510 4292 595 4333 suum
612 4270 642 4330 in
660 4289 777 4330 earnem
795 4264 889 4341 misit,
905 4264 1013 4326 festum
1030 4263 1206 4338 nativitatis,
1230 4262 1262 4322 in
1301 4273 1306 4282 “

43 4359 176 4424 bonorem
193 4356 248 4420 filii
266 4361 384 4438 peracta
402 4357 608 4439 redemptionis
625 4377 713 4438 apere
729 4352 929 4433 resurgentis,
952 4353 1059 4414 festum
1076 4350 1217 4428 pasalan,
1234 4358 1263 4410 et
1377 4391 1381 4398 -

42 4446 68 4510 iu
82 4449 227 4514 bonorem
239 4444 370 4528 Spiritus
386 4446 527 4527 S.·saper
542 4443 700 4528 Apostolos
716 4439 935 4519 ebusitanam
953 4444 1137 4519 pentecostes
1153 4433 1262 4512 agitur,

446 4629 453 4666 ι
