2982 4892
184 165 250 236 Μ
666 166 694 232 J.
709 99 760 234 W
776 161 922 250 Suring'ru

99 372 101 381 ⁴
185 360 253 408 uem
271 303 495 404 confirmandum
512 336 618 404 allatae
635 339 703 419 sint,
719 339 800 404 leves
816 359 885 402 esse
907 349 936 402 et
952 337 1063 402 nullius
1079 335 1216 420 ponderis
1224 337 1264 420 *).
1307 323 1410 400 Prote·
1449 325 1458 492 1

186 441 269 496 terea
283 429 569 494 animaduertendum
587 436 648 507 est,
664 429 773 509 scripta
787 411 841 491 ilia
853 427 990 508 judaica,
1013 447 1029 489 e
1046 428 1154 508 quibus
1170 425 1224 488 riri
1242 425 1318 488 docti
1338 425 1411 488 loca

185 517 384 602 protulerunt,
417 537 476 580 uon
501 516 637 578 idoneum
661 520 802 598 praebere
826 513 1023 584 testimonium
1043 517 1078 576 de
1100 513 1241 595 precandi
1256 513 1409 594 formulis,
1457 515 1459 568 l

187 607 295 690 quibus
312 614 407 668 aetate
424 606 496 668 lesu
510 603 557 666 nsi
575 601 696 666 luerunt
712 602 834 678 ludaei,
858 611 927 667 sunt
944 603 1020 666 euim
1038 601 1112 666 liaeo
1127 601 1238 683 scripto
1253 602 1408 664 recentio-

186 695 229 760 ris
247 693 352 758 aetatis
372 701 399 756 ct
414 690 504 772 long’o
521 701 649 772 tempure
667 701 732 774 post
751 690 899 756 Christum
925 689 1088 772 composite
1112 691 1244 772 adeoque
1269 701 1409 754 statuen-
1460 751 1461 770 ,

187 785 256 846 duur
268 781 392 859 ridetur,
410 800 467 842 nou
484 799 499 842 e
515 777 648 844 formulis
660 780 838 842 ludaeorum
850 779 983 843 haustum
995 777 1090 840 luisse
1103 776 1261 840 orationem
1275 777 1408 840 domiui-

187 859 261 945 cam,
280 870 333 930 sed
349 867 477 930 ludaeos
493 867 691 953 recentiores,
708 888 774 929 cum
793 859 989 946 precationem
1005 863 1087 928 illum
1109 865 1251 930 celebrari
1268 865 1410 928 audirent
1459 852 1462 932 i

188 959 313 1040 ejusque
329 953 541 1036 praestantiam
557 974 669 1036 negare
686 975 744 1018 nou
761 964 902 1036 possent,
935 955 1079 1036 quasdam
1095 953 1160 1034 ejus
1185 951 1351 1034 particulas
1378 951 1408 1012 in
1462 958 1463 1024 i

186 1061 357 1110 usussuos
382 1041 568 1104 transtulisse
592 1047 620 1106 et
644 1041 713 1104 lriuo
737 1041 938 1124 explicandam
965 1061 1032 1104 esse
1063 1035 1301 1117 similitudinem,
1330 1059 1409 1122 qnae

188 1132 349 1198 orationem
368 1129 541 1208 dominicam
557 1129 633 1192 inter
650 1139 679 1192 et
695 1127 844 1194 sollennes
860 1130 1039 1193 ludaeorum
1055 1149 1160 1210 preces
1176 1124 1409 1210 intercedet'**).

275 1218 361 1296 Quod
378 1217 480 1282 attinet
496 1219 534 1280 ad
550 1217 723 1294 consilium,
742 1238 800 1300 quo
817 1218 893 1280 lanc
911 1217 1070 1279 orationem
1087 1215 1242 1298 discipulis
1259 1215 1326 1278 suis
1346 1225 1410 1278 tra-

136 1343 142 1375 1
188 1305 294 1370 diderit
310 1305 415 1383 lesus,
449 1305 518 1366 milri
541 1305 659 1386 quidem
683 1305 797 1368 ridetur
812 1303 937 1386 optimus
953 1304 1092 1372 Seryutor
1108 1304 1307 1386 precationem
1325 1303 1410 1366 iliam

33 1445 38 1453 .
121 1384 139 1496 f
188 1393 284 1476 magis
300 1392 334 1454 iu
348 1393 489 1476 priuatum
507 1413 592 1474 quam
609 1392 639 1454 iu
659 1390 808 1474 publicum
824 1412 912 1454 usum
927 1399 1089 1455 sectatores
1105 1412 1176 1454 suos
1194 1391 1355 1474 docuisse,
1379 1402 1411 1454 ut

188 1482 337 1544 discerent
352 1480 411 1555 illi,
428 1479 495 1561 quid
513 1479 695 1562 potissimum
713 1500 731 1542 a
748 1481 808 1542 Deo
826 1491 907 1542 esset
923 1479 1151 1560 efflagitandum.

249 1644 251 1650 Ι
274 1569 377 1652 Neque
394 1567 475 1632 hisce
491 1568 588 1631 ueritis
603 1569 702 1632 desum
720 1568 921 1650 praescribere
943 1567 1072 1631 voluisse
1096 1571 1206 1631 certam
1230 1577 1320 1648 atque
1345 1565 1409 1630 sol·

186 1654 304 1735 lennem
317 1654 499 1732 formulam,
539 1676 597 1738 qua
622 1653 686 1719 sola
703 1655 777 1736 ipsis
794 1656 891 1718 verbis
908 1655 1031 1736 ipsoque
1048 1657 1202 1718 verborum
1220 1653 1325 1716 crdiue
1343 1675 1410 1715 ser-

187 1753 256 1809 vato
271 1741 315 1806 uti
331 1753 499 1824 oporteret:
517 1752 640 1824 apparet
656 1764 694 1806 ex
711 1742 825 1806 collatis
840 1743 915 1807 iuter
931 1764 964 1806 se
980 1741 1056 1806 locis
1073 1740 1180 1808 Maru
1195 1737 1226 1818 6,
1244 1743 1366 1820 9-13,
1384 1751 1412 1804 et

146 1845 156 1854 ·
188 1830 265 1894 Luc.
282 1830 333 1907 ll,
351 1832 450 1908 2-4,
468 1829 517 1912 qui
535 1831 610 1894 hanc
628 1830 789 1894 orationem
807 1831 969 1897 relerentes
987 1830 1178 1902 uon-omniuo
1196 1831 1316 1893 easdem
1336 1851 1410 1896 seu-

110 1938 147 1991 *,
189 1918 297 2002 tentius
314 1919 476 1999 eademque
493 1921 584 1982 verba
601 1918 751 1983 exhibent.
795 1909 929 1982 Clrristus
955 1918 1071 2000 quidem
1097 1917 1188 1982 dixit:
1219 1917 1330 1988 Ourmc
1354 1897 1412 1980 οὖν

188 1997 405 2088 προσεύχεσθε
429 1999 526 2080 ὑμεῖς.
566 2005 626 2068 Sed
643 2015 721 2068 recte
740 2004 860 2068 Grotius
883 2006 1058 2070 vocabulum
1083 1992 1182 2076 οὕτως
1206 1998 1354 2092 explicet:
1380 2012 1410 2067 lu

188 2093 261 2174 lucro
278 2111 399 2171 seucum,
415 2091 568 2174 additque:
586 2093 652 2155 Nou
671 2093 746 2155 enim
763 2091 906 2174 praecipit
920 2091 1057 2158 Christus
1072 2095 1168 2164 verbu,
1182 2091 1311 2172 recitari,
1329 2094 1411 2176 quod

189 2173 389 2258 perlegimus
407 2177 563 2260 Apostolos
579 2179 708 2258 fecisse,
734 2183 785 2242 sed
803 2181 953 2244 materiam
970 2199 1088 2263 precum
1105 2180 1174 2242 lriuc
1190 2186 1300 2261 petere.
1348 2181 1410 2242 lta-

189 2286 247 2350 que
264 2285 323 2328 uon
339 2263 496 2330 formulam
512 2267 600 2330 fixam
618 2276 647 2328 et
662 2279 849 2350 perpetuent,
865 2271 916 2332 sed
936 2267 1100 2350 exemplum
1116 2287 1236 2350 precum
1253 2267 1302 2348 pic
1319 2267 1411 2332 insti-

189 2355 364 2418 tuendarum
381 2353 529 2438 Apostolis
547 2354 665 2417 tradidit
681 2356 789 2437 lesus,
815 2359 891 2438 quod
902 2404 914 2436 ,
935 2355 1023 2418 ueluti
1040 2356 1243 2438 compendium
1261 2358 1411 2436 quoddam

190 2434 392 2524 εὐχαριστιῶν
409 2450 437 2506 et
452 2439 566 2524 ecquo,
583 2443 681 2506 omnic
696 2453 782 2522 uota,
809 2465 885 2526 quae
908 2444 1005 2508 animo
1030 2443 1147 2526 concipi
1168 2441 1283 2526 possint
1299 2463 1341 2522 ao
1355 2447 1410 2506 dc-

189 2530 292 2602 beuut,
310 2528 466 2592 contineat.

217 2649 220 2656 =
276 2615 361 2678 Hauc
378 2616 575 2696 precationem
592 2617 696 2698 procul
713 2617 801 2680 dnbio
818 2617 916 2700 magui
933 2619 1068 2684 feceruut
1082 2618 1224 2700 Apostoli,
1241 2618 1340 2700 etqui
1357 2639 1409 2684 eos

116 2711 126 2726 ·
189 2701 283 2764 secuti
300 2710 369 2763 runt
385 2703 532 2766 ecclesiae
550 2707 684 2768 doctores
701 2691 734 2768 iu
749 2726 784 2771 ea
801 2704 957 2784 laudanda,
975 2709 1203 2772 commendanda
1218 2717 1409 2786 etqomrneu·

190 2787 274 2852 tariis
298 2787 475 2858 illustranda
499 2789 669 2874 diligentem
696 2793 878 2864 collocarunt
901 2813 1037 2878 operam,
1060 2789 1327 2868 ,Tertullianussu
1353 2817 1409 2876 gr,

191 2875 355 2956 Origenes,
381 2877 565 2960 Cyprianus,
583 2879 746 2966 Gregorius
762 2882 866 2964 Nysa,
892 2882 936 2946 do.
956 2882 1200 2967 chrysostomus,
1224 2883 1411 2964 Ambrosius,

152 2997 164 3041 ,a
190 2963 320 3050 cyrillus
337 2965 502 3044 Hierosol,
518 2965 734 3049 Hieronymus,
751 2968 937 3052 Augustinus
945 2969 1016 3047 ***),.
1048 2972 1150 3056 Neque
1166 2981 1262 3034 umen
1278 2969 1410 3053 antiquis

148 3056 153 3133 ξ
189 3046 249 3114 illis
267 3053 457 3133 temporibus,
473 3075 548 3134 quae
565 3054 770 3138 Apostolorum
787 3065 911 3120 aetatem
927 3057 1058 3140 proxime
1073 3045 1234 3140 attingunt,
1247 3058 1410 3129 orationem

190 3138 267 3200 huuc
284 3147 421 3219 tauquam
439 3150 544 3201 statam
561 3139 716 3204 formulam
732 3141 761 3204 iu
785 3142 913 3225 publicis
929 3146 1124 3210 conventibus
1143 3147 1285 3210 recitasse
1303 3147 1410 3210 videu-

120 3284 127 3292 ,
191 3232 238 3286 tur
253 3245 404 3286 sacrorum
422 3226 583 3302 antistites,
608 3227 692 3291 nullu
708 3239 787 3293 certe
804 3231 895 3314 primo
911 3246 977 3314 post
992 3243 1116 3297 aetatem
1134 3234 1340 3316 Apostolorum
1355 3255 1416 3299 sc:

192 3309 259 3376 culo
276 3311 366 3393 hujus
383 3311 426 3376 rei
442 3313 629 3389 inveniuntur
652 3318 787 3396 vestigia.
832 3320 956 3400 Legitur
967 3321 1084 3401 quidem
1101 3325 1179 3406 aqud
1197 3323 1342 3406 ignatium
1355 3323 1409 3402 †):

189 3396 246 3477 pio
262 3393 368 3481 δέησις
385 3398 463 3462 ἔστω
480 3392 588 3482 cornei,
604 3425 664 3468 uon
679 3405 813 3472 innuitur
829 3417 925 3480 autem
941 3407 1085 3478 sollennis
1102 3409 1233 3492 precatio
1250 3411 1409 3491 dominica,

190 3489 261 3566 sed,
286 3495 319 3550 ut
334 3487 430 3552 oratio
448 3502 584 3555 contexta
602 3495 706 3573 docet,
737 3506 856 3581 mutuus
873 3496 1020 3576 omnium,
1051 3499 1100 3581 qui
1118 3499 1149 3560 lu
1169 3500 1292 3564 eundern
1309 3499 1409 3564 locum

163 3649 487 3674 ,Μ’

201 3793 203 3802 ,
260 3743 291 3814 *)
309 3745 386 3799 Vidd.
416 3746 568 3814 liuiooqlius
591 3755 618 3802 et
641 3743 853 3814 Fritqrsclrius'iu
880 3765 1020 3808 commorit.
1049 3731 1082 3810 sd
1102 3755 1245 3824 Mutilud,
1276 3761 1303 3814 u.
1340 3761 1407 3814 ileu·

191 3813 289 3878 debers
307 3817 372 3880 pou.
396 3817 458 3874 dest.
483 3820 539 3870 und
562 3819 622 3869 kn't.
644 3822 802 3884 Cummeprtar
818 3823 883 3874 iiber
909 3825 951 3880 dte
974 3825 1106 3892 Schriften
1132 3829 1176 3882 dot
1192 3831 1228 3884 N.
1254 3833 1284 3884 Τ.
1303 3829 1407 3896 quorun

191 3881 243 3952 uud
262 3879 347 3934 Gotho
368 3888 446 3954 rsus)
468 3891 493 3940 δ.
515 3891 573 3942 135,
897 3914 900 3918 ·

261 3949 305 4017 ”l
323 3951 381 4034 'lloc
398 3954 452 4018 iem
470 3963 541 4008 recte
554 3956 621 4008 vidit
629 3955 687 4010 dec.
702 3955 825 4014 Etruscus
844 3961 870 4012 iu
890 3973 1050 4018 commeatur,
1072 3966 1129 4020 crr't.
1149 3966 1240 4032 philol.
1258 3968 1286 4018 r‘a
1312 3985 1406 4034 maog.

191 4019 335 4072 Muttduer.
356 4019 483 4078 (Zwulltc
505 4026 593 4089 1767.)
619 4025 651 4077 Τ.
672 4025 693 4077 1.
714 4043 739 4094 p.
761 4031 819 4080 tat.
841 4029 882 4082 Cf.
902 4033 982 4086 etlam
1004 4031 1079 4086 Wuli
1093 4035 1119 4089 iu
1140 4053 1195 4090 cur.
1217 4035 1284 4100 pdr'l.
1305 4046 1330 4084 et
1350 4041 1406 4092 crr't.

191 4086 221 4168 l.¹
232 4103 258 4154 p·
283 4089 332 4144 125
351 4103 373 4139 s.
392 4115 425 4132 -
446 4090 524 4144 Pluru
542 4094 662 4158 terantur
678 4095 705 4148 iu
723 4096 765 4148 A.·
777 4095 808 4149 ll.
830 4097 938 4152 Gebseri
963 4112 1092 4162 comment.
1110 4107 1128 4154 1
1143 4105 1175 4154 de
1190 4105 1310 4160 cremone
1326 4104 1406 4158 dorri-

190 4172 261 4207 mco.
282 4155 401 4221 tlicgiutu
421 4161 510 4222 1830.)
530 4177 555 4227 p.
573 4165 686 4216 24-42.

244 4223 324 4308 .***)
347 4225 442 4278 llocum
466 4236 569 4348 patrum
594 4233 789 4286 observationes
813 4235 846 4287 sd
870 4239 1012 4292 orationem
1034 4208 1187 4294 dominicum¹
1208 4244 1234 4293 iu
1255 4207 1404 4312 compendio

192 4295 298 4348 extruet
310 4294 351 4351 do.
362 4297 450 4378 'Cnrp
485 4313 588 4352 umerus
608 4302 710 4362 observ.
724 4319 792 4356 seor.
805 4307 832 4370 7,
851 4323 877 4372 p.
895 4308 952 4360 tut.
972 4316 999 4360 et
1017 4311 1111 4378 possim
1126 4312 1152 4367 in
1168 4313 1243 4368 Tler.
1257 4315 1320 4368 eret.

259 4369 293 4434 †)
312 4369 398 4432 Epeos.
416 4365 635 4431 ermagonae.
655 4375 743 4441 ΜΡ.
763 4379 908 4442 amoos.
926 4373 957 4432 Τ.
976 4376 1052 4448 llp.
1070 4379 1130 4450 de.)
1246 4437 1252 4444 ,
