2944 4904
189 263 230 325 de
253 258 393 326 celebrat.
409 259 523 326 sallati
544 267 573 326 et
589 259 647 328 dici
670 263 747 326 dour.
763 282 812 346 ap.
826 269 896 329 vett.
913 273 943 328 et
957 265 1145 333 moestiores.
1232 269 1277 338 07

52 436 120 514 Qun
138 433 253 500 clausa
268 435 384 499 domurn
401 437 520 518 radunt,
543 435 674 502 familiae
690 435 813 520 quaeris
830 437 929 502 lausto
952 449 1122 522 precautes,
1145 462 1277 510 mensam

50 531 175 586 stratam
190 525 317 606 ¹adeunt.
357 523 415 587 ldi'e
431 533 530 607 patrer
547 523 688 603 familiae,
702 525 875 610 priusquam
890 526 1000 610 aliquid
1017 528 1187 608 comeditur,
1205 553 1277 616 cyo-

50 612 97 672 tlro
114 609 183 674 nini
201 610 357 693 prelrerrso,
381 614 449 674 dum
473 609 613 678 lucernas
634 611 965 688 intuentur,salrbatum
981 627 1158 680 coercerent
1172 615 1277 684 illum.

50 719 118 779 que,
136 709 299 781 postquam
316 698 373 780 ipsi
393 700 536 776 liberunt,
560 700 666 764 ceteris
687 699 851 782 porrigunt
887 701 1010 784 Propter
1023 701 1100 766 haec
1116 725 1276 770 cousecra-

48 789 160 848 tiouem
178 784 381 868 quisque,'rel
398 787 620 870 pauperrimus,
645 787 703 852 sibi
727 787 824 852 riuum
847 809 1017 871 comparare
1040 789 1197 872 obligatur.
1227 793 1276 858 Ex

47 873 105 935 lrac
125 874 245 937 ratione
263 874 349 936 ctiam
365 873 398 936 iu
414 874 575 957 synagogis
593 877 726 957 cyathum
743 875 804 938 riri
828 887 1010 956 consecrant,
1033 889 1068 942 ut
1084 898 1230 962 pauperes
1247 889 1276 944 et

48 960 217 1041 peregrini,
246 959 296 1042 qui
320 961 390 1024 rino
410 971 520 1036 carent,
546 983 583 1025 ex
607 983 642 1024 eo
665 963 767 1025 bibere
791 964 914 1044 possiet.
951 965 1031 1029 ldem
1047 966 1159 1030 iaciunt
1174 977 1275 1050 patres

47 1046 186 1111 iamiline
204 1049 321 1111 duobus
338 1049 467 1131 pacilus
480 1048 608 1130 tegmine
622 1049 737 1124 relatis,
762 1071 836 1132 quos
859 1063 987 1130 sumunt,
1010 1065 1193 1131 consecrant,
1210 1055 1275 1118 iru-

37 1146 128 1197 ·stum
153 1137 195 1198 de
219 1134 359 1198 alterutro
383 1136 564 1214 rescindunt,
589 1141 745 1200 comeduut
762 1137 950 1220 convivioque
967 1139 1152 1204 distribuunt.
1184 1141 1275 1206 Pest-

47 1221 126 1285 lraec
142 1219 264 1304 reliqui,
282 1223 390 1304 quibus
408 1243 511 1287 mensa
527 1215 647 1288 onerata
665 1235 718 1301 est,
744 1223 802 1286 cilri
827 1226 1006 1307 capiuntur,
1019 1228 1197 1309 pauperihus
1213 1251 1274 1292 nou

48 1309 193 1372 olrlirioni
209 1309 335 1374 traditis.
375 1311 476 1374 Coena
504 1308 640 1374 altsolutn
663 1311 799 1374 manibus
825 1311 896 1375 lotis
921 1333 989 1378 sese
1012 1313 1043 1376 in
1067 1313 1174 1378 lectum
1192 1316 1273 1379 reri·

49 1395 141 1476 pluat,
160 1417 251 1478 quem
269 1396 315 1459 dic
333 1397 457 1478 septimo
473 1419 508 1460 ce
525 1398 621 1463 serlus
638 1397 816 1482 relinquunt,
834 1421 891 1484 qno
909 1401 1018 1464 certius
1035 1421 1168 1466 somnum
1185 1403 1273 1484 paulo

49 1483 215 1566 longiorem
232 1485 262 1544 in
287 1485 478 1562 recreatione,
503 1507 561 1566 qua
585 1485 708 1550 sabbato
724 1489 863 1567 gaudeat,
889 1499 1050 1552 numerant.
1081 1489 1273 1573 Postquamc
1346 1479 1357 1492 ⁵

48 1569 123 1634 lecto
143 1579 353 1649 surrexerunt,
379 1571 410 1632 iu
425 1591 608 1656 synagogam
632 1573 783 1636 festinant.
816 1574 859 1636 lbi
876 1573 985 1638 diutius
1002 1587 1168 1657 precantur,
1185 1599 1273 1661 quara

49 1657 113 1720 aliie
139 1659 251 1720 diebus
276 1659 436 1742 legumque
461 1659 620 1722 sectionem
645 1682 661 1723 e
682 1659 753 1742 lege
776 1659 907 1725 mosaica
924 1681 978 1725 nco
995 1683 1052 1726 nou
1079 1666 1272 1748 epreplretis.

49 1745 144 1807 Simul
170 1757 240 1809 rota
261 1745 373 1808 iaciunt
390 1768 441 1828 pro
460 1746 661 1810 defunctorum
680 1748 796 1824 animis,
821 1749 870 1830 qui
889 1771 958 1827 nen,
983 1761 1015 1813 ut
1030 1752 1175 1832 convenit,
1200 1755 1272 1816 salr-

48 1834 145 1896 aarum
164 1835 369 1912 observarunt,
387 1851 460 1915 quos
477 1835 628 1897 damnatos
652 1834 699 1897 die
717 1837 830 1898 scotori
854 1836 951 1918 quiete
966 1837 1026 1900 frui
1044 1841 1176 1902 creduut.
1208 1839 1271 1902 Nec

48 1940 105 1982 neu
121 1919 251 1983 salutern
269 1932 297 1983 et
314 1919 553 2002 tranquillitatem
571 1921 773 2002 magistratus
787 1921 956 1999 christiani,
981 1925 1038 1986 sab
1066 1925 1153 2006 cujas
1180 1925 1272 1990 tutela

47 2009 158 2085 rirunt,
184 2029 203 2069 ιι
226 2007 291 2070 Deo
319 2007 486 2089 precatione
509 2007 591 2070 lraud
613 2009 775 2089 inelegauti
800 2021 910 2092 petum,
935 2010 999 2092 ipso
1017 2013 1154 2074 mandato
1170 2011 1270 2076 alirino

47 2095 153 2160 leuem,
172 2093 226 2172 29,
245 2096 275 2156 7.
300 2097 338 2156 ad
361 2096 416 2156 lroe
441 2095 568 2158 officium
593 2097 726 2176 permoti.
774 2097 933 2161 Nonnullis
958 2097 1045 2160 etiam
1069 2097 1160 2178 loeis,
1191 2101 1270 2182 qaod

49 2191 144 2244 tamen
162 2179 261 2244 rarius
276 2179 317 2260 fir,
336 2182 425 2244 ctiam
442 2183 589 2245 orationes
609 2203 712 2246 sacrae
729 2184 883 2262 lrabcntur,
908 2185 939 2245 iu
957 2177 1064 2267 quibus
1079 2188 1224 2267 quendam
1241 2207 1268 2249 s.

49 2268 277 2354 codicisloeum
295 2269 451 2350 explicant
490 2271 633 2335 Precibus
656 2272 785 2350 peractis
811 2291 996 2353 synagogam
1022 2272 1190 2354 relinquunt
1214 2277 1270 2335 do-

47 2377 186 2438 mumque
210 2355 375 2434 disceduut,
398 2356 447 2418 ulri
473 2377 582 2434 omnes,
608 2357 658 2438 qui
682 2357 781 2418 domui
805 2358 915 2432 insunt,
940 2357 1036 2418 statim
1060 2361 1097 2418 ad
1114 2359 1269 2438 praedium
1333 2357 1336 2366 “

48 2445 222 2517 secuudum,
238 2443 353 2516 sabbati
371 2441 500 2526 epulum,
516 2442 665 2506 festinant.
704 2443 771 2518 Hic,
789 2445 865 2523 quod
889 2442 1055 2522 appositum
1079 2451 1134 2520 est,
1158 2463 1269 2505 coneu-

46 2539 132 2592 munt
146 2541 312 2612 cautusque
328 2530 396 2591 huie
420 2529 541 2612 prandio
563 2527 723 2591 destinatos
747 2528 857 2591 laetitia
882 2527 959 2609 pleni
981 2537 1099 2594 canant.
1139 2529 1270 2594 Salurati

47 2616 150 2695 libros,
172 2617 204 2678 iu
232 2617 341 2699 quibus
364 2617 485 2700 negotia
508 2615 623 2680 sabbati
649 2625 816 2693 tractantur,
839 2614 959 2698 eclipsi
977 2615 1269 2698 perleguntrelsilrl

48 2703 266 2785 praelegendus
282 2714 394 2767 curant.
432 2703 491 2768 His
516 2703 602 2766 lectis
628 2723 762 2766 ramnum
778 2713 885 2767 amant.
925 2704 970 2765 Ad
994 2723 1146 2786 vesperam
1162 2725 1269 2768 rursus

48 2791 73 2852 iu
90 2811 280 2874 synagogam
306 2801 376 2854 cunt
399 2791 499 2872 ilique
523 2810 627 2871 preces
653 2801 810 2854 consuetas
832 2791 956 2854 recitant
980 2803 1007 2854 et
1022 2794 1138 2854 domum
1156 2793 1269 2856 reversi

49 2879 172 2956 tertium,
199 2879 276 2959 quod
301 2878 483 2941 sabbaticunr
508 2877 623 2954 dicitur,
649 2877 766 2959 epulum
783 2888 968 2957 consumunt,
984 2887 1141 2960 autequam
1158 2899 1268 2960 respe-
1362 2948 1370 2962 ¹

48 2967 141 3044 rescit,
167 2975 199 3028 et
221 2967 374 3028 salrlratum
399 2965 497 3028 fausta
520 2964 687 3046 precatione
710 2965 834 3047 repetita
858 2965 972 3030 finiunt.
1005 2966 1068 3028 Has
1086 2976 1145 3027 tres
1163 2966 1267 3046 epulas

48 3074 106 3116 ram
125 3056 165 3115 olr
184 3071 304 3115 causam
323 3051 447 3114 inanime
464 3051 650 3116 necessariae
666 3061 777 3132 putant,
806 3053 942 3133 «paediam
967 3051 998 3112 iu
1016 3055 1151 3114 mandato
1167 3051 1266 3114 dirimo

46 3141 113 3217 (Ex.
133 3138 492 3219 lemvartonam
514 3149 558 3201 ter
581 3139 755 3202 iurcniatur.
793 3139 922 3202 Primam
940 3139 1058 3221 epulum
1079 3139 1109 3201 ia
1126 3139 1266 3203 donamur

47 3227 139 3290 lsaaci
157 3226 324 3301 instituunt,
341 3229 376 3288 ad
393 3227 520 3288 ludaeos
537 3247 553 3288 c
571 3245 679 3306 magna
703 3226 841 3306 augustia
858 3227 1038 3310 temporibus
1054 3227 1186 3290 Moesiae
1203 3227 1266 3289 ori·
1312 3243 1317 3258 ·

48 3317 123 3378 unda
141 3311 327 3396 eripiendos,
343 3313 466 3376 alterum
482 3313 513 3374 iu
529 3313 669 3374 honorem
683 3313 851 3390 Abrahami,
868 3314 997 3376 ludaeos
1012 3315 1050 3374 alr
1068 3314 1172 3376 inieris
1186 3311 1266 3376 lilae-

47 3402 125 3464 raedi
145 3419 261 3477 causa3
273 3400 388 3463 tertium
404 3399 590 3462 inhonorem
608 3399 720 3474 laeolri,
736 3409 769 3460 ut
785 3399 893 3461 lrcllum
910 3399 987 3479 Gogi
1003 3409 1031 3460 rt
1046 3400 1172 3480 Magogi
1188 3399 1266 3476 effu-

47 3489 135 3568 giant.
176 3487 297 3567 Quibus
322 3487 371 3548 alii
390 3487 484 3548 adlrue
509 3495 642 3567 quartum
661 3487 781 3562 addunt,
810 3487 846 3546 ad
872 3503 904 3547 se
933 3506 951 3546 a
976 3485 1218 3566 perpessiouibus
1234 3484 1266 3546 iu

41 3575 215 3658 erpuleuris
232 3573 448 3637 custodiendos.
477 3573 556 3656 Nilrll
573 3571 670 3654 magis
687 3581 787 3636 amant
803 3573 941 3647 enatato:
956 3589 1041 3652 quam
1053 3568 1265 3634 recreationem
1310 3587 1313 3592 ·

47 3673 128 3746 atquc
147 3661 340 3744 voluptatem,
367 3671 456 3724 tetum
483 3661 558 3722 diem
582 3660 640 3722 silei
663 3663 699 3721 ad
725 3657 846 3721 delicias
871 3659 1045 3720 destinatum
1071 3675 1138 3719 esse
1160 3656 1265 3721 existi-

46 3761 155 3814 mantes
173 3757 295 3830 propter
309 3747 534 3830 promissionem
558 3746 685 3809 dirimam
711 3747 786 3824 (les.
803 3743 856 3824 58,
877 3749 953 3826 lia),
979 3744 1030 3806 uhi
1046 3745 1128 3807 Deae
1142 3745 1266 3826 promit-

47 3836 84 3915 tit,
100 3839 260 3900 sabbatum
285 3836 323 3897 iis
340 3835 404 3898 lore
420 3835 450 3896 in
467 3833 591 3897 deliciis.
623 3834 700 3896 Hine
724 3834 848 3896 sabbato
874 3853 958 3896 omae
971 3830 1116 3914 jejunium
1133 3845 1162 3895 et
1177 3833 1271 3914 plan--

47 3937 119 3987 ctum
137 3923 276 3988 omittunt
292 3933 380 4004 atque
405 3923 568 4003 prohibent.
601 3920 791 3982 Econtrnrie
815 3919 1052 3994 ambulationem,
1079 3921 1156 4000 qued
1181 3921 1266 3984 affert
1302 3985 1306 3993 ¹

46 4012 277 4088 delectationem,
301 4031 359 4072 nan
378 4009 472 4072 solum
496 4007 674 4090 permittunt,
700 4010 753 4068 sed
777 4007 873 4086 ctiam,
896 4027 954 4088 que
971 4003 1093 4086 longius
1114 4007 1264 4070 ambulare

47 4099 163 4178 possint,
180 4097 241 4160 lroc
256 4097 286 4159 in
303 4097 438 4160 trondem
453 4094 533 4175 legis
551 4095 756 4174 excogitarunt
771 4095 907 4158 medium.
936 4094 1063 4156 Sumuut
1079 4093 1177 4156 eibum
1192 4094 1265 4156 sab-

47 4186 108 4249 lato
131 4187 265 4249 nondum
291 4184 428 4248 inelreatu
452 4203 576 4264 eumque
600 4181 631 4243 in
656 4179 754 4244 lecum
785 4181 833 4245 bie
856 4179 935 4243 mille
951 4199 1061 4262 passus
1078 4201 1098 4244 a
1114 4184 1209 4258 demo,
1233 4179 1265 4240 iu

47 4293 100 4352 qua
116 4255 260 4350 halitrlut,
278 4271 433 4348 distantem
448 4270 547 4332 lerunt
569 4279 656 4350 atque
673 4270 869 4332 abscondunt.
906 4267 995 4331 Hunc
1009 4267 1107 4332 locum
1125 4269 1161 4329 ad
1177 4266 1264 4328 noet-

47 4360 182 4424 tationem
207 4358 364 4436 dostiuaut,
387 4358 418 4420 iu
435 4378 501 4421 eum
519 4357 641 4424 otnero
666 4377 699 4419 se
726 4356 892 4434 conferunt,
903 4366 904 4370 ’
916 4355 1013 4419 cibum
1030 4375 1065 4419 ec
1081 4362 1264 4436 apportatum

48 4447 131 4512 edunt
147 4459 178 4512 ct
192 4467 229 4510 cu
246 4453 400 4510 consumto
415 4445 514 4510 adlruc
530 4444 575 4511 bis
593 4443 673 4510 mille
685 4463 794 4526 passus
809 4442 930 4526 longius
945 4443 1087 4526 progredi
1102 4439 1161 4504 eilri
1172 4438 1263 4502 licere

87 4556 272 4611 ranaeque
285 4555 418 4602 unone.
1038 4543 1062 4602 7
