<?xml version="1.0" encoding="UTF-8"?>
<!DOCTYPE html PUBLIC "-//W3C//DTD XHTML 1.0 Transitional//EN"
    "http://www.w3.org/TR/xhtml1/DTD/xhtml1-transitional.dtd">
<html xmlns="http://www.w3.org/1999/xhtml" xml:lang="en" lang="en">
 <head>
  <title>
</title>
<meta http-equiv="Content-Type" content="text/html;charset=utf-8" />
  <meta name='ocr-system' content='tesseract 3.04.00' />
  <meta name='ocr-capabilities' content='ocr_page ocr_carea ocr_par ocr_line ocrx_word'/>
</head>
<body>
  <div class='ocr_page' id='page_1' title='image "./thesauruscommen01volbgoog_0113.png"; bbox 0 0 2944 4904; ppageno 0'>
   <div class='ocr_carea' id='block_1_1' title="bbox 214 225 927 342">
    <p class='ocr_par' dir='ltr' id='par_1_1' title="bbox 214 225 927 342">
     <span class='ocr_line' id='line_1_1' title="bbox 214 225 927 342; baseline 0 -31"><span class='ocrx_word' id='word_1_1' title='bbox 214 256 310 336; x_wconf 67' lang='lat' dir='ltr'><strong>on</strong></span> <span class='ocrx_word' id='word_1_2' title='bbox 428 245 501 322; x_wconf 76' lang='grc'><strong>’,</strong></span> <span class='ocrx_word' id='word_1_3' title='bbox 615 225 623 240; x_wconf 88' lang='grc'><em>’</em></span> <span class='ocrx_word' id='word_1_4' title='bbox 688 245 927 342; x_wconf 32' lang='lat' dir='ltr'><strong>‚omniurn</strong></span> 
     </span>
    </p>
   </div>
   <div class='ocr_carea' id='block_1_2' title="bbox 122 416 1455 2074">
    <p class='ocr_par' dir='ltr' id='par_1_2' title="bbox 122 416 1455 2074">
     <span class='ocr_line' id='line_1_2' title="bbox 215 416 1453 512; baseline -0.008 -22"><span class='ocrx_word' id='word_1_5' title='bbox 215 433 329 512; x_wconf 79' lang='lat' dir='ltr'><strong>putum.</strong></span> <span class='ocrx_word' id='word_1_6' title='bbox 362 423 502 506; x_wconf 86' lang='lat' dir='ltr'><strong>Operum,</strong></span> <span class='ocrx_word' id='word_1_7' title='bbox 524 439 598 502; x_wconf 84' lang='lat' dir='ltr'><strong>quun</strong></span> <span class='ocrx_word' id='word_1_8' title='bbox 624 421 747 490; x_wconf 87' lang='lat' dir='ltr'><strong>sabbato</strong></span> <span class='ocrx_word' id='word_1_9' title='bbox 773 419 928 506; x_wconf 84' lang='lat' dir='ltr'><strong>suscipere</strong></span> <span class='ocrx_word' id='word_1_10' title='bbox 945 417 1111 500; x_wconf 80' lang='lat' dir='ltr'><strong>probibent,</strong></span> <span class='ocrx_word' id='word_1_11' title='bbox 1134 416 1362 501; x_wconf 78' lang='lat' dir='ltr'><strong>praecipuorum</strong></span> <span class='ocrx_word' id='word_1_12' title='bbox 1383 417 1453 480; x_wconf 85' lang='lat' dir='ltr'><strong>tri-</strong></span> 
     </span>
     <span class='ocr_line' id='line_1_3' title="bbox 216 499 1452 606; baseline -0.008 -29"><span class='ocrx_word' id='word_1_13' title='bbox 216 516 300 597; x_wconf 90' lang='lat' dir='ltr'><strong>ginta</strong></span> <span class='ocrx_word' id='word_1_14' title='bbox 320 531 423 576; x_wconf 84' lang='lat' dir='ltr'><strong>noveru</strong></span> <span class='ocrx_word' id='word_1_15' title='bbox 440 519 710 593; x_wconf 52' lang='lat' dir='ltr'><strong>cunemunquuo</strong></span> <span class='ocrx_word' id='word_1_16' title='bbox 735 505 853 572; x_wconf 90' lang='lat' dir='ltr'><strong>nominc</strong></span> <span class='ocrx_word' id='word_1_17' title='bbox 878 499 1103 595; x_wconf 66' lang='lat' dir='ltr'><strong>utenburron</strong></span> <span class='ocrx_word' id='word_1_18' title='bbox 1128 503 1322 606; x_wconf 67' lang='lat' dir='ltr'><strong>appellantur.</strong></span> <span class='ocrx_word' id='word_1_19' title='bbox 1356 505 1452 570; x_wconf 88' lang='lat' dir='ltr'><strong>luter</strong></span> 
     </span>
     <span class='ocr_line' id='line_1_4' title="bbox 216 590 1448 678; baseline -0.008 -14"><span class='ocrx_word' id='word_1_20' title='bbox 216 601 291 666; x_wconf 87' lang='lat' dir='ltr'><strong>haec</strong></span> <span class='ocrx_word' id='word_1_21' title='bbox 309 597 453 665; x_wconf 82' lang='lat' dir='ltr'><strong>scutalia</strong></span> <span class='ocrx_word' id='word_1_22' title='bbox 469 593 669 678; x_wconf 70' lang='lat' dir='ltr'><strong>superstitisa,</strong></span> <span class='ocrx_word' id='word_1_23' title='bbox 694 593 821 658; x_wconf 88' lang='lat' dir='ltr'><strong>ridicula</strong></span> <span class='ocrx_word' id='word_1_24' title='bbox 845 591 914 664; x_wconf 88' lang='lat' dir='ltr'><strong>alia.</strong></span> <span class='ocrx_word' id='word_1_25' title='bbox 945 590 1106 657; x_wconf 73' lang='lat' dir='ltr'><strong>iuuenibus</strong></span> <span class='ocrx_word' id='word_1_26' title='bbox 1130 593 1259 674; x_wconf 81' lang='lat' dir='ltr'><strong>qurdcro,</strong></span> <span class='ocrx_word' id='word_1_27' title='bbox 1282 613 1341 656; x_wconf 85' lang='lat' dir='ltr'><strong>non</strong></span> <span class='ocrx_word' id='word_1_28' title='bbox 1365 613 1448 658; x_wconf 82' lang='lat' dir='ltr'><strong>nero</strong></span> 
     </span>
     <span class='ocr_line' id='line_1_5' title="bbox 216 677 1449 764; baseline -0.009 -10"><span class='ocrx_word' id='word_1_29' title='bbox 216 689 288 754; x_wconf 80' lang='lat' dir='ltr'><strong>viris</strong></span> <span class='ocrx_word' id='word_1_30' title='bbox 305 685 499 764; x_wconf 68' lang='lat' dir='ltr'><strong>[neminisque</strong></span> <span class='ocrx_word' id='word_1_31' title='bbox 516 683 638 745; x_wconf 82' lang='lat' dir='ltr'><strong>srtbbato</strong></span> <span class='ocrx_word' id='word_1_32' title='bbox 655 703 783 760; x_wconf 86' lang='lat' dir='ltr'><strong>currere,</strong></span> <span class='ocrx_word' id='word_1_33' title='bbox 801 693 845 746; x_wconf 89' lang='lat' dir='ltr'><strong>est</strong></span> <span class='ocrx_word' id='word_1_34' title='bbox 861 700 1043 758; x_wconf 87' lang='lat' dir='ltr'><strong>concessum,</strong></span> <span class='ocrx_word' id='word_1_35' title='bbox 1059 679 1116 742; x_wconf 87' lang='lat' dir='ltr'><strong>uisi</strong></span> <span class='ocrx_word' id='word_1_36' title='bbox 1134 677 1301 764; x_wconf 80' lang='lat' dir='ltr'><strong>voluptatis,</strong></span> <span class='ocrx_word' id='word_1_37' title='bbox 1311 700 1449 744; x_wconf 65' lang='lat' dir='ltr'><strong>recrea-</strong></span> 
     </span>
     <span class='ocr_line' id='line_1_6' title="bbox 217 766 1450 848; baseline -0.009 -8"><span class='ocrx_word' id='word_1_38' title='bbox 217 776 306 840; x_wconf 91' lang='lat' dir='ltr'><strong>tionis</strong></span> <span class='ocrx_word' id='word_1_39' title='bbox 324 786 352 838; x_wconf 90' lang='lat' dir='ltr'><strong>et</strong></span> <span class='ocrx_word' id='word_1_40' title='bbox 374 771 501 834; x_wconf 81' lang='lat' dir='ltr'><strong>divinum</strong></span> <span class='ocrx_word' id='word_1_41' title='bbox 519 771 686 832; x_wconf 89' lang='lat' dir='ltr'><strong>mandatum</strong></span> <span class='ocrx_word' id='word_1_42' title='bbox 711 791 746 831; x_wconf 89' lang='lat' dir='ltr'><strong>eo</strong></span> <span class='ocrx_word' id='word_1_43' title='bbox 764 769 889 832; x_wconf 84' lang='lat' dir='ltr'><strong>celerius</strong></span> <span class='ocrx_word' id='word_1_44' title='bbox 906 767 1069 848; x_wconf 76' lang='lat' dir='ltr'>exequendi</span> <span class='ocrx_word' id='word_1_45' title='bbox 1094 785 1196 830; x_wconf 82' lang='lat' dir='ltr'><strong>cansa.</strong></span> <span class='ocrx_word' id='word_1_46' title='bbox 1234 766 1450 831; x_wconf 89' lang='lat' dir='ltr'><strong>Dimetiuntur</strong></span> 
     </span>
     <span class='ocr_line' id='line_1_7' title="bbox 217 851 1449 939; baseline -0.009 -11"><span class='ocrx_word' id='word_1_47' title='bbox 217 867 292 928; x_wconf 92' lang='lat' dir='ltr'><strong>adeo</strong></span> <span class='ocrx_word' id='word_1_48' title='bbox 305 857 517 939; x_wconf 74' lang='lat' dir='ltr'><strong>longitudinem</strong></span> <span class='ocrx_word' id='word_1_49' title='bbox 533 877 686 938; x_wconf 81' lang='lat' dir='ltr'><strong>passuum,</strong></span> <span class='ocrx_word' id='word_1_50' title='bbox 703 857 753 938; x_wconf 84' lang='lat' dir='ltr'><strong>qui</strong></span> <span class='ocrx_word' id='word_1_51' title='bbox 770 878 829 918; x_wconf 92' lang='lat' dir='ltr'><strong>uon</strong></span> <span class='ocrx_word' id='word_1_52' title='bbox 845 857 904 918; x_wconf 88' lang='lat' dir='ltr'><strong>sint</strong></span> <span class='ocrx_word' id='word_1_53' title='bbox 922 851 1039 918; x_wconf 89' lang='lat' dir='ltr'><strong>duobus</strong></span> <span class='ocrx_word' id='word_1_54' title='bbox 1055 855 1178 935; x_wconf 84' lang='lat' dir='ltr'><strong>pedibus</strong></span> <span class='ocrx_word' id='word_1_55' title='bbox 1189 851 1237 918; x_wconf 84' lang='lat' dir='ltr'><strong>rel</strong></span> <span class='ocrx_word' id='word_1_56' title='bbox 1249 853 1358 917; x_wconf 86' lang='lat' dir='ltr'><strong>cubitis</strong></span> <span class='ocrx_word' id='word_1_57' title='bbox 1370 877 1449 918; x_wconf 86' lang='lat' dir='ltr'><strong>rna-</strong></span> 
     </span>
     <span class='ocr_line' id='line_1_8' title="bbox 122 941 1449 1035; baseline -0.008 -21"><span class='ocrx_word' id='word_1_58' title='bbox 122 963 128 986; x_wconf 69' lang='lat'><em>*</em></span> <span class='ocrx_word' id='word_1_59' title='bbox 213 951 305 1035; x_wconf 84' lang='lat' dir='ltr'><strong>jorcs.</strong></span> <span class='ocrx_word' id='word_1_60' title='bbox 335 945 415 1009; x_wconf 88' lang='lat' dir='ltr'><strong>Nihil</strong></span> <span class='ocrx_word' id='word_1_61' title='bbox 432 945 470 1008; x_wconf 88' lang='lat' dir='ltr'><strong>iis</strong></span> <span class='ocrx_word' id='word_1_62' title='bbox 485 941 556 1006; x_wconf 84' lang='lat' dir='ltr'><strong>licet</strong></span> <span class='ocrx_word' id='word_1_63' title='bbox 571 956 670 1008; x_wconf 86' lang='lat' dir='ltr'><strong>secura</strong></span> <span class='ocrx_word' id='word_1_64' title='bbox 687 954 802 1025; x_wconf 85' lang='lat' dir='ltr'><strong>portare</strong></span> <span class='ocrx_word' id='word_1_65' title='bbox 819 947 854 1008; x_wconf 92' lang='lat' dir='ltr'><strong>ad</strong></span> <span class='ocrx_word' id='word_1_66' title='bbox 871 952 970 1006; x_wconf 80' lang='lat' dir='ltr'><strong>ventos</strong></span> <span class='ocrx_word' id='word_1_67' title='bbox 988 964 1044 1005; x_wconf 92' lang='lat' dir='ltr'><strong>nnn</strong></span> <span class='ocrx_word' id='word_1_68' title='bbox 1062 941 1220 1022; x_wconf 88' lang='lat' dir='ltr'><strong>pertinens,</strong></span> <span class='ocrx_word' id='word_1_69' title='bbox 1246 944 1324 1023; x_wconf 85' lang='lat' dir='ltr'><strong>quod</strong></span> <span class='ocrx_word' id='word_1_70' title='bbox 1340 942 1449 1006; x_wconf 88' lang='lat' dir='ltr'><strong>iuter-</strong></span> 
     </span>
     <span class='ocr_line' id='line_1_9' title="bbox 217 1028 1448 1114; baseline -0.005 -15"><span class='ocrx_word' id='word_1_71' title='bbox 217 1031 327 1100; x_wconf 87' lang='lat' dir='ltr'><strong>diotum</strong></span> <span class='ocrx_word' id='word_1_72' title='bbox 343 1035 416 1096; x_wconf 88' lang='lat' dir='ltr'><strong>adeo</strong></span> <span class='ocrx_word' id='word_1_73' title='bbox 433 1035 469 1094; x_wconf 90' lang='lat' dir='ltr'><strong>nd</strong></span> <span class='ocrx_word' id='word_1_74' title='bbox 488 1052 561 1096; x_wconf 88' lang='lat' dir='ltr'><strong>acus</strong></span> <span class='ocrx_word' id='word_1_75' title='bbox 587 1053 701 1114; x_wconf 86' lang='lat' dir='ltr'><strong>quoque</strong></span> <span class='ocrx_word' id='word_1_76' title='bbox 725 1032 899 1110; x_wconf 85' lang='lat' dir='ltr'><strong>superfluas,</strong></span> <span class='ocrx_word' id='word_1_77' title='bbox 922 1050 995 1111; x_wconf 89' lang='lat' dir='ltr'><strong>quas</strong></span> <span class='ocrx_word' id='word_1_78' title='bbox 1020 1028 1165 1092; x_wconf 84' lang='lat' dir='ltr'><strong>loerninac</strong></span> <span class='ocrx_word' id='word_1_79' title='bbox 1192 1049 1292 1093; x_wconf 89' lang='lat' dir='ltr'><strong>secum</strong></span> <span class='ocrx_word' id='word_1_80' title='bbox 1314 1040 1448 1112; x_wconf 83' lang='lat' dir='ltr'><strong>gestare</strong></span> 
     </span>
     <span class='ocr_line' id='line_1_10' title="bbox 217 1115 1447 1200; baseline -0.005 -14"><span class='ocrx_word' id='word_1_81' title='bbox 217 1123 321 1200; x_wconf 88' lang='lat' dir='ltr'><strong>solent,</strong></span> <span class='ocrx_word' id='word_1_82' title='bbox 345 1123 512 1190; x_wconf 87' lang='lat' dir='ltr'><strong>extendunt.</strong></span> <span class='ocrx_word' id='word_1_83' title='bbox 545 1119 606 1186; x_wconf 84' lang='lat' dir='ltr'><strong>lliri</strong></span> <span class='ocrx_word' id='word_1_84' title='bbox 623 1140 682 1180; x_wconf 91' lang='lat' dir='ltr'><strong>non</strong></span> <span class='ocrx_word' id='word_1_85' title='bbox 700 1117 806 1180; x_wconf 90' lang='lat' dir='ltr'><strong>baculo</strong></span> <span class='ocrx_word' id='word_1_86' title='bbox 829 1128 958 1194; x_wconf 89' lang='lat' dir='ltr'><strong>utuntur,</strong></span> <span class='ocrx_word' id='word_1_87' title='bbox 975 1115 1032 1180; x_wconf 89' lang='lat' dir='ltr'><strong>nisi</strong></span> <span class='ocrx_word' id='word_1_88' title='bbox 1049 1126 1144 1179; x_wconf 89' lang='lat' dir='ltr'><strong>aetate</strong></span> <span class='ocrx_word' id='word_1_89' title='bbox 1162 1116 1300 1198; x_wconf 82' lang='lat' dir='ltr'><strong>provecti.</strong></span> <span class='ocrx_word' id='word_1_90' title='bbox 1333 1117 1447 1182; x_wconf 89' lang='lat' dir='ltr'><strong>Pecu-</strong></span> 
     </span>
     <span class='ocr_line' id='line_1_11' title="bbox 218 1203 1446 1289; baseline -0.005 -15"><span class='ocrx_word' id='word_1_91' title='bbox 218 1203 270 1276; x_wconf 87' lang='lat' dir='ltr'><strong>des</strong></span> <span class='ocrx_word' id='word_1_92' title='bbox 295 1208 346 1288; x_wconf 88' lang='lat' dir='ltr'><strong>nil,</strong></span> <span class='ocrx_word' id='word_1_93' title='bbox 373 1208 430 1270; x_wconf 90' lang='lat' dir='ltr'><strong>nisi</strong></span> <span class='ocrx_word' id='word_1_94' title='bbox 455 1209 533 1288; x_wconf 91' lang='lat' dir='ltr'><strong>qnod</strong></span> <span class='ocrx_word' id='word_1_95' title='bbox 556 1206 680 1268; x_wconf 86' lang='lat' dir='ltr'><strong>maxime</strong></span> <span class='ocrx_word' id='word_1_96' title='bbox 705 1205 916 1282; x_wconf 86' lang='lat' dir='ltr'><strong>necessarium,</strong></span> <span class='ocrx_word' id='word_1_97' title='bbox 939 1204 1017 1267; x_wconf 81' lang='lat' dir='ltr'><strong>ierne</strong></span> <span class='ocrx_word' id='word_1_98' title='bbox 1036 1209 1191 1284; x_wconf 86' lang='lat' dir='ltr'><strong>coguntur.</strong></span> <span class='ocrx_word' id='word_1_99' title='bbox 1222 1203 1361 1289; x_wconf 79' lang='lat' dir='ltr'><strong>inprimis</strong></span> <span class='ocrx_word' id='word_1_100' title='bbox 1380 1206 1446 1268; x_wconf 88' lang='lat' dir='ltr'><strong>Ju-</strong></span> 
     </span>
     <span class='ocr_line' id='line_1_12' title="bbox 217 1289 1447 1376; baseline -0.006 -14"><span class='ocrx_word' id='word_1_101' title='bbox 217 1297 282 1364; x_wconf 86' lang='lat' dir='ltr'><strong>daci</strong></span> <span class='ocrx_word' id='word_1_102' title='bbox 309 1316 422 1358; x_wconf 87' lang='lat' dir='ltr'><strong>orrruem</strong></span> <span class='ocrx_word' id='word_1_103' title='bbox 446 1293 600 1376; x_wconf 89' lang='lat' dir='ltr'><strong>pecuniam</strong></span> <span class='ocrx_word' id='word_1_104' title='bbox 625 1295 781 1374; x_wconf 82' lang='lat' dir='ltr'><strong>deponunt,</strong></span> <span class='ocrx_word' id='word_1_105' title='bbox 807 1315 862 1356; x_wconf 88' lang='lat' dir='ltr'><strong>nec</strong></span> <span class='ocrx_word' id='word_1_106' title='bbox 887 1313 990 1356; x_wconf 88' lang='lat' dir='ltr'><strong>nurum</strong></span> <span class='ocrx_word' id='word_1_107' title='bbox 1016 1312 1071 1364; x_wconf 79' lang='lat' dir='ltr'><strong>noc</strong></span> <span class='ocrx_word' id='word_1_108' title='bbox 1095 1298 1250 1370; x_wconf 86' lang='lat' dir='ltr'><strong>argentum</strong></span> <span class='ocrx_word' id='word_1_109' title='bbox 1271 1289 1303 1351; x_wconf 90' lang='lat' dir='ltr'><strong>in</strong></span> <span class='ocrx_word' id='word_1_110' title='bbox 1328 1291 1447 1356; x_wconf 87' lang='lat' dir='ltr'><strong>itinere</strong></span> 
     </span>
     <span class='ocr_line' id='line_1_13' title="bbox 217 1375 1446 1465; baseline -0.009 -15"><span class='ocrx_word' id='word_1_111' title='bbox 217 1405 318 1450; x_wconf 84' lang='lat' dir='ltr'><strong>secum</strong></span> <span class='ocrx_word' id='word_1_112' title='bbox 336 1391 496 1465; x_wconf 87' lang='lat' dir='ltr'><strong>portantes.</strong></span> <span class='ocrx_word' id='word_1_113' title='bbox 529 1379 609 1458; x_wconf 76' lang='lat' dir='ltr'><strong>Quin</strong></span> <span class='ocrx_word' id='word_1_114' title='bbox 626 1383 709 1458; x_wconf 89' lang='lat' dir='ltr'><strong>adeo,</strong></span> <span class='ocrx_word' id='word_1_115' title='bbox 734 1383 850 1464; x_wconf 90' lang='lat' dir='ltr'><strong>qnando</strong></span> <span class='ocrx_word' id='word_1_116' title='bbox 875 1397 1042 1442; x_wconf 86' lang='lat' dir='ltr'><strong>crumenam</strong></span> <span class='ocrx_word' id='word_1_117' title='bbox 1065 1377 1192 1462; x_wconf 87' lang='lat' dir='ltr'><strong>pecnnia</strong></span> <span class='ocrx_word' id='word_1_118' title='bbox 1216 1375 1365 1459; x_wconf 88' lang='lat' dir='ltr'><strong>impletam</strong></span> <span class='ocrx_word' id='word_1_119' title='bbox 1388 1379 1446 1440; x_wconf 90' lang='lat' dir='ltr'><strong>in-</strong></span> 
     </span>
     <span class='ocr_line' id='line_1_14' title="bbox 217 1464 1449 1547; baseline -0.005 -10"><span class='ocrx_word' id='word_1_120' title='bbox 217 1472 348 1546; x_wconf 86' lang='lat' dir='ltr'><strong>veniunt,</strong></span> <span class='ocrx_word' id='word_1_121' title='bbox 371 1481 440 1532; x_wconf 78' lang='lat' dir='ltr'><strong>&#39;eam</strong></span> <span class='ocrx_word' id='word_1_122' title='bbox 459 1467 563 1540; x_wconf 61' lang='lat' dir='ltr'><strong>‚tollere</strong></span> <span class='ocrx_word' id='word_1_123' title='bbox 586 1471 707 1532; x_wconf 87' lang='lat' dir='ltr'><strong>sabbato</strong></span> <span class='ocrx_word' id='word_1_124' title='bbox 733 1489 792 1530; x_wconf 92' lang='lat' dir='ltr'><strong>non</strong></span> <span class='ocrx_word' id='word_1_125' title='bbox 817 1470 935 1532; x_wconf 90' lang='lat' dir='ltr'><strong>audent.</strong></span> <span class='ocrx_word' id='word_1_126' title='bbox 974 1467 1072 1547; x_wconf 87' lang='lat' dir='ltr'><strong>Opera</strong></span> <span class='ocrx_word' id='word_1_127' title='bbox 1097 1464 1226 1529; x_wconf 87' lang='lat' dir='ltr'><strong>caritatis</strong></span> <span class='ocrx_word' id='word_1_128' title='bbox 1249 1475 1278 1528; x_wconf 90' lang='lat' dir='ltr'><strong>et</strong></span> <span class='ocrx_word' id='word_1_129' title='bbox 1301 1485 1449 1545; x_wconf 81' lang='lat' dir='ltr'><strong>summac</strong></span> 
     </span>
     <span class='ocr_line' id='line_1_15' title="bbox 217 1551 1450 1637; baseline -0.004 -15"><span class='ocrx_word' id='word_1_130' title='bbox 217 1556 403 1628; x_wconf 74' lang='lat' dir='ltr'><strong>necessitatis</strong></span> <span class='ocrx_word' id='word_1_131' title='bbox 420 1555 589 1637; x_wconf 88' lang='lat' dir='ltr'><strong>permittunt</strong></span> <span class='ocrx_word' id='word_1_132' title='bbox 604 1555 672 1633; x_wconf 89' lang='lat' dir='ltr'><strong>alia,</strong></span> <span class='ocrx_word' id='word_1_133' title='bbox 697 1555 757 1618; x_wconf 89' lang='lat' dir='ltr'><strong>alia</strong></span> <span class='ocrx_word' id='word_1_134' title='bbox 771 1565 879 1618; x_wconf 84' lang='lat' dir='ltr'><strong>vetant.</strong></span> <span class='ocrx_word' id='word_1_135' title='bbox 913 1554 1075 1618; x_wconf 86' lang='lat' dir='ltr'><strong>Sabbatum</strong></span> <span class='ocrx_word' id='word_1_136' title='bbox 1091 1551 1160 1615; x_wconf 90' lang='lat' dir='ltr'><strong>licet</strong></span> <span class='ocrx_word' id='word_1_137' title='bbox 1176 1551 1296 1628; x_wconf 80' lang='lat' dir='ltr'><strong>violare,</strong></span> <span class='ocrx_word' id='word_1_138' title='bbox 1312 1553 1339 1616; x_wconf 89' lang='lat' dir='ltr'><strong>si</strong></span> <span class='ocrx_word' id='word_1_139' title='bbox 1356 1553 1450 1618; x_wconf 84' lang='lat' dir='ltr'><strong>ritae</strong></span> 
     </span>
     <span class='ocr_line' id='line_1_16' title="bbox 218 1639 1450 1730; baseline -0.003 -20"><span class='ocrx_word' id='word_1_140' title='bbox 218 1647 372 1730; x_wconf 86' lang='lat' dir='ltr'><strong>&#39;eujusdam</strong></span> <span class='ocrx_word' id='word_1_141' title='bbox 388 1643 549 1728; x_wconf 87' lang='lat' dir='ltr'><strong>periculum</strong></span> <span class='ocrx_word' id='word_1_142' title='bbox 564 1643 702 1706; x_wconf 81' lang='lat' dir='ltr'><strong>imminet</strong></span> <span class='ocrx_word' id='word_1_143' title='bbox 735 1643 812 1706; x_wconf 89' lang='lat' dir='ltr'><strong>Hinc</strong></span> <span class='ocrx_word' id='word_1_144' title='bbox 830 1651 962 1726; x_wconf 88' lang='lat' dir='ltr'><strong>aegroto,</strong></span> <span class='ocrx_word' id='word_1_145' title='bbox 979 1640 1062 1722; x_wconf 80' lang='lat' dir='ltr'><strong>gnavi</strong></span> <span class='ocrx_word' id='word_1_146' title='bbox 1078 1639 1215 1722; x_wconf 87' lang='lat' dir='ltr'><strong>letalique</strong></span> <span class='ocrx_word' id='word_1_147' title='bbox 1231 1641 1331 1704; x_wconf 85' lang='lat' dir='ltr'><strong>morbo</strong></span> <span class='ocrx_word' id='word_1_148' title='bbox 1346 1639 1450 1720; x_wconf 82' lang='lat' dir='ltr'><strong>inbo-</strong></span> 
     </span>
     <span class='ocr_line' id='line_1_17' title="bbox 218 1727 1452 1814; baseline -0.003 -17"><span class='ocrx_word' id='word_1_149' title='bbox 218 1733 305 1812; x_wconf 90' lang='lat' dir='ltr'><strong>rauti,</strong></span> <span class='ocrx_word' id='word_1_150' title='bbox 322 1731 419 1794; x_wconf 88' lang='lat' dir='ltr'><strong>omnia</strong></span> <span class='ocrx_word' id='word_1_151' title='bbox 435 1753 510 1812; x_wconf 88' lang='lat' dir='ltr'><strong>qnae</strong></span> <span class='ocrx_word' id='word_1_152' title='bbox 528 1731 593 1814; x_wconf 87' lang='lat' dir='ltr'><strong>ejus</strong></span> <span class='ocrx_word' id='word_1_153' title='bbox 607 1729 822 1796; x_wconf 51' lang='lat' dir='ltr'><strong>¹conservationi</strong></span> <span class='ocrx_word' id='word_1_154' title='bbox 841 1732 1017 1808; x_wconf 87' lang='lat' dir='ltr'><strong>conducunt,</strong></span> <span class='ocrx_word' id='word_1_155' title='bbox 1031 1727 1170 1792; x_wconf 87' lang='lat' dir='ltr'><strong>adhibere</strong></span> <span class='ocrx_word' id='word_1_156' title='bbox 1178 1727 1328 1809; x_wconf 84' lang='lat' dir='ltr'><strong>jubentur.</strong></span> <span class='ocrx_word' id='word_1_157' title='bbox 1355 1729 1452 1794; x_wconf 84' lang='lat' dir='ltr'><strong>Foe-</strong></span> 
     </span>
     <span class='ocr_line' id='line_1_18' title="bbox 217 1814 1449 1902; baseline -0.002 -20"><span class='ocrx_word' id='word_1_158' title='bbox 217 1821 315 1893; x_wconf 79' lang='lat' dir='ltr'><strong>minae</strong></span> <span class='ocrx_word' id='word_1_159' title='bbox 331 1819 519 1902; x_wconf 88' lang='lat' dir='ltr'><strong>parturientis</strong></span> <span class='ocrx_word' id='word_1_160' title='bbox 537 1820 637 1882; x_wconf 88' lang='lat' dir='ltr'><strong>eadem</strong></span> <span class='ocrx_word' id='word_1_161' title='bbox 654 1827 699 1880; x_wconf 91' lang='lat' dir='ltr'><strong>est</strong></span> <span class='ocrx_word' id='word_1_162' title='bbox 715 1815 852 1882; x_wconf 89' lang='lat' dir='ltr'><strong>conditio.</strong></span> <span class='ocrx_word' id='word_1_163' title='bbox 885 1816 1027 1887; x_wconf 81' lang='lat' dir='ltr'><strong>infantem</strong></span> <span class='ocrx_word' id='word_1_164' title='bbox 1039 1835 1141 1882; x_wconf 76' lang='lat' dir='ltr'><strong>recens</strong></span> <span class='ocrx_word' id='word_1_165' title='bbox 1154 1825 1252 1878; x_wconf 90' lang='lat' dir='ltr'><strong>uatum</strong></span> <span class='ocrx_word' id='word_1_166' title='bbox 1270 1814 1375 1878; x_wconf 86' lang='lat' dir='ltr'><strong>fasciis</strong></span> <span class='ocrx_word' id='word_1_167' title='bbox 1389 1815 1449 1880; x_wconf 89' lang='lat' dir='ltr'><strong>in-</strong></span> 
     </span>
     <span class='ocr_line' id='line_1_19' title="bbox 217 1901 1451 1990; baseline -0.005 -20"><span class='ocrx_word' id='word_1_168' title='bbox 217 1905 339 1974; x_wconf 80' lang='lat' dir='ltr'><strong>rolruut</strong></span> <span class='ocrx_word' id='word_1_169' title='bbox 354 1908 476 1990; x_wconf 84' lang='lat' dir='ltr'><strong>ejusque</strong></span> <span class='ocrx_word' id='word_1_170' title='bbox 492 1904 631 1968; x_wconf 88' lang='lat' dir='ltr'><strong>lotionem</strong></span> <span class='ocrx_word' id='word_1_171' title='bbox 648 1916 760 1967; x_wconf 88' lang='lat' dir='ltr'><strong>curant.</strong></span> <span class='ocrx_word' id='word_1_172' title='bbox 791 1905 928 1982; x_wconf 89' lang='lat' dir='ltr'><strong>Puerum,</strong></span> <span class='ocrx_word' id='word_1_173' title='bbox 958 1903 984 1966; x_wconf 86' lang='lat' dir='ltr'><strong>si</strong></span> <span class='ocrx_word' id='word_1_174' title='bbox 1007 1903 1038 1964; x_wconf 91' lang='lat' dir='ltr'><strong>in</strong></span> <span class='ocrx_word' id='word_1_175' title='bbox 1054 1924 1159 1986; x_wconf 87' lang='lat' dir='ltr'><strong>aquarn</strong></span> <span class='ocrx_word' id='word_1_176' title='bbox 1174 1901 1318 1979; x_wconf 81' lang='lat' dir='ltr'><strong>inciderit,</strong></span> <span class='ocrx_word' id='word_1_177' title='bbox 1334 1915 1451 1970; x_wconf 85' lang='lat' dir='ltr'><strong>extra-</strong></span> 
     </span>
     <span class='ocr_line' id='line_1_20' title="bbox 217 1991 1455 2074; baseline 0.001 -18"><span class='ocrx_word' id='word_1_178' title='bbox 217 1996 301 2060; x_wconf 88' lang='lat' dir='ltr'><strong>hunt.</strong></span> <span class='ocrx_word' id='word_1_179' title='bbox 340 1993 421 2058; x_wconf 87' lang='lat' dir='ltr'><strong>Cura</strong></span> <span class='ocrx_word' id='word_1_180' title='bbox 446 2008 634 2070; x_wconf 90' lang='lat' dir='ltr'><strong>mortuorum,</strong></span> <span class='ocrx_word' id='word_1_181' title='bbox 659 1991 791 2072; x_wconf 81' lang='lat' dir='ltr'><strong>inprimis</strong></span> <span class='ocrx_word' id='word_1_182' title='bbox 816 2013 892 2074; x_wconf 91' lang='lat' dir='ltr'><strong>quae</strong></span> <span class='ocrx_word' id='word_1_183' title='bbox 914 1993 953 2058; x_wconf 89' lang='lat' dir='ltr'><strong>ad</strong></span> <span class='ocrx_word' id='word_1_184' title='bbox 976 2012 1075 2053; x_wconf 90' lang='lat' dir='ltr'><strong>corum</strong></span> <span class='ocrx_word' id='word_1_185' title='bbox 1100 1991 1239 2055; x_wconf 84' lang='lat' dir='ltr'><strong>bonorem</strong></span> <span class='ocrx_word' id='word_1_186' title='bbox 1264 2001 1392 2071; x_wconf 73' lang='lat' dir='ltr'><strong>spectat,</strong></span> <span class='ocrx_word' id='word_1_187' title='bbox 1413 2005 1455 2056; x_wconf 87' lang='lat' dir='ltr'><strong>ut</strong></span> 
     </span>
    </p>
   </div>
   <div class='ocr_carea' id='block_1_3' title="bbox 101 2076 1451 2162">
    <p class='ocr_par' dir='ltr' id='par_1_3' title="bbox 101 2076 1451 2162">
     <span class='ocr_line' id='line_1_21' title="bbox 101 2076 1451 2162; baseline -0.005 -13"><span class='ocrx_word' id='word_1_188' title='bbox 101 2139 103 2149; x_wconf 94' lang='lat'><em>.</em></span> <span class='ocrx_word' id='word_1_189' title='bbox 186 2145 189 2152; x_wconf 88' lang='grc'><strong>,</strong></span> <span class='ocrx_word' id='word_1_190' title='bbox 219 2104 272 2146; x_wconf 88' lang='lat' dir='ltr'><strong>eos</strong></span> <span class='ocrx_word' id='word_1_191' title='bbox 288 2103 402 2162; x_wconf 84' lang='lat' dir='ltr'><strong>ungere</strong></span> <span class='ocrx_word' id='word_1_192' title='bbox 417 2091 504 2162; x_wconf 88' lang='lat' dir='ltr'><strong>atque</strong></span> <span class='ocrx_word' id='word_1_193' title='bbox 522 2081 629 2157; x_wconf 85' lang='lat' dir='ltr'><strong>iurare,</strong></span> <span class='ocrx_word' id='word_1_194' title='bbox 646 2101 704 2144; x_wconf 89' lang='lat' dir='ltr'><strong>non</strong></span> <span class='ocrx_word' id='word_1_195' title='bbox 721 2079 907 2142; x_wconf 89' lang='lat' dir='ltr'><strong>interdicunt.</strong></span> <span class='ocrx_word' id='word_1_196' title='bbox 938 2078 1051 2158; x_wconf 87' lang='lat' dir='ltr'><strong>Ignem,</strong></span> <span class='ocrx_word' id='word_1_197' title='bbox 1075 2076 1223 2160; x_wconf 80' lang='lat' dir='ltr'><strong>quiortus</strong></span> <span class='ocrx_word' id='word_1_198' title='bbox 1248 2088 1300 2156; x_wconf 82' lang='lat' dir='ltr'><strong>est,</strong></span> <span class='ocrx_word' id='word_1_199' title='bbox 1326 2078 1451 2142; x_wconf 85' lang='lat' dir='ltr'><strong>delent.</strong></span> 
     </span>
    </p>
   </div>
   <div class='ocr_carea' id='block_1_4' title="bbox 164 2163 1464 3032">
    <p class='ocr_par' dir='ltr' id='par_1_4' title="bbox 164 2163 1464 3032">
     <span class='ocr_line' id='line_1_22' title="bbox 217 2163 1454 2246; baseline -0.01 -14"><span class='ocrx_word' id='word_1_200' title='bbox 217 2167 408 2232; x_wconf 79' lang='lat' dir='ltr'><strong>Reontrario</strong></span> <span class='ocrx_word' id='word_1_201' title='bbox 431 2178 529 2232; x_wconf 81' lang='lat' dir='ltr'><strong>vetant</strong></span> <span class='ocrx_word' id='word_1_202' title='bbox 552 2170 587 2229; x_wconf 89' lang='lat' dir='ltr'><strong>de</strong></span> <span class='ocrx_word' id='word_1_203' title='bbox 610 2166 800 2230; x_wconf 87' lang='lat' dir='ltr'><strong>mercenariis</strong></span> <span class='ocrx_word' id='word_1_204' title='bbox 824 2166 923 2228; x_wconf 87' lang='lat' dir='ltr'><strong>futuro</strong></span> <span class='ocrx_word' id='word_1_205' title='bbox 949 2165 995 2228; x_wconf 90' lang='lat' dir='ltr'><strong>die</strong></span> <span class='ocrx_word' id='word_1_206' title='bbox 1019 2163 1217 2228; x_wconf 83' lang='lat' dir='ltr'><strong>conducendis</strong></span> <span class='ocrx_word' id='word_1_207' title='bbox 1247 2163 1340 2246; x_wconf 89' lang='lat' dir='ltr'><strong>loqni.</strong></span> <span class='ocrx_word' id='word_1_208' title='bbox 1374 2166 1454 2232; x_wconf 70' lang='lat' dir='ltr'><strong>ve.</strong></span> 
     </span>
     <span class='ocr_line' id='line_1_23' title="bbox 219 2241 1453 2336; baseline -0.005 -16"><span class='ocrx_word' id='word_1_209' title='bbox 219 2268 291 2336; x_wconf 90' lang='lat' dir='ltr'><strong>tant,</strong></span> <span class='ocrx_word' id='word_1_210' title='bbox 309 2257 334 2318; x_wconf 88' lang='lat' dir='ltr'><strong>si</strong></span> <span class='ocrx_word' id='word_1_211' title='bbox 353 2255 461 2336; x_wconf 81' lang='lat' dir='ltr'><strong>doliurp</strong></span> <span class='ocrx_word' id='word_1_212' title='bbox 478 2254 546 2318; x_wconf 89' lang='lat' dir='ltr'><strong>rino</strong></span> <span class='ocrx_word' id='word_1_213' title='bbox 562 2254 711 2336; x_wconf 90' lang='lat' dir='ltr'><strong>impletum</strong></span> <span class='ocrx_word' id='word_1_214' title='bbox 729 2255 860 2318; x_wconf 81' lang='lat' dir='ltr'><strong>foramen</strong></span> <span class='ocrx_word' id='word_1_215' title='bbox 876 2251 1034 2335; x_wconf 80' lang='lat' dir='ltr'><strong>acceperit,</strong></span> <span class='ocrx_word' id='word_1_216' title='bbox 1056 2273 1110 2334; x_wconf 90' lang='lat' dir='ltr'><strong>per</strong></span> <span class='ocrx_word' id='word_1_217' title='bbox 1134 2253 1212 2334; x_wconf 82' lang='lat' dir='ltr'><strong>quot</strong></span> <span class='ocrx_word' id='word_1_218' title='bbox 1228 2250 1325 2320; x_wconf 81' lang='lat' dir='ltr'><strong>riuum</strong></span> <span class='ocrx_word' id='word_1_219' title='bbox 1336 2241 1453 2332; x_wconf 62' lang='lat' dir='ltr'><strong>&#39;pene-</strong></span> 
     </span>
     <span class='ocr_line' id='line_1_24' title="bbox 208 2337 1464 2426; baseline -0.004 -16"><span class='ocrx_word' id='word_1_220' title='bbox 208 2353 284 2426; x_wconf 80' lang='lat' dir='ltr'><strong>‚trat,</strong></span> <span class='ocrx_word' id='word_1_221' title='bbox 310 2343 382 2405; x_wconf 90' lang='lat' dir='ltr'><strong>illud</strong></span> <span class='ocrx_word' id='word_1_222' title='bbox 408 2342 564 2406; x_wconf 87' lang='lat' dir='ltr'><strong>occludere</strong></span> <span class='ocrx_word' id='word_1_223' title='bbox 588 2363 622 2404; x_wconf 91' lang='lat' dir='ltr'><strong>ac</strong></span> <span class='ocrx_word' id='word_1_224' title='bbox 641 2344 784 2424; x_wconf 86' lang='lat' dir='ltr'><strong>quendam</strong></span> <span class='ocrx_word' id='word_1_225' title='bbox 815 2339 955 2422; x_wconf 76' lang='lat' dir='ltr'><strong>religioni</strong></span> <span class='ocrx_word' id='word_1_226' title='bbox 979 2338 1117 2421; x_wconf 89' lang='lat' dir='ltr'><strong>judaicae</strong></span> <span class='ocrx_word' id='word_1_227' title='bbox 1141 2360 1201 2402; x_wconf 90' lang='lat' dir='ltr'><strong>nou</strong></span> <span class='ocrx_word' id='word_1_228' title='bbox 1225 2337 1373 2402; x_wconf 89' lang='lat' dir='ltr'><strong>addictum</strong></span> <span class='ocrx_word' id='word_1_229' title='bbox 1406 2345 1464 2406; x_wconf 71' lang='lat' dir='ltr'><strong>de&#39;</strong></span> 
     </span>
     <span class='ocr_line' id='line_1_25' title="bbox 218 2427 1452 2510; baseline -0.005 -14"><span class='ocrx_word' id='word_1_230' title='bbox 218 2453 256 2496; x_wconf 86' lang='lat' dir='ltr'><strong>ea</strong></span> <span class='ocrx_word' id='word_1_231' title='bbox 271 2452 303 2496; x_wconf 91' lang='lat' dir='ltr'><strong>re</strong></span> <span class='ocrx_word' id='word_1_232' title='bbox 321 2433 487 2510; x_wconf 87' lang='lat' dir='ltr'><strong>obsecrare,</strong></span> <span class='ocrx_word' id='word_1_233' title='bbox 512 2431 569 2492; x_wconf 90' lang='lat' dir='ltr'><strong>uisi</strong></span> <span class='ocrx_word' id='word_1_234' title='bbox 592 2429 641 2492; x_wconf 90' lang='lat' dir='ltr'><strong>ille</strong></span> <span class='ocrx_word' id='word_1_235' title='bbox 664 2440 767 2510; x_wconf 85' lang='lat' dir='ltr'><strong>sponte</strong></span> <span class='ocrx_word' id='word_1_236' title='bbox 791 2429 891 2492; x_wconf 86' lang='lat' dir='ltr'><strong>iaciat.</strong></span> <span class='ocrx_word' id='word_1_237' title='bbox 922 2428 1027 2506; x_wconf 80' lang='lat' dir='ltr'><strong>lictant</strong></span> <span class='ocrx_word' id='word_1_238' title='bbox 1042 2433 1175 2508; x_wconf 80' lang='lat' dir='ltr'><strong>aegroto,</strong></span> <span class='ocrx_word' id='word_1_239' title='bbox 1199 2427 1315 2510; x_wconf 85' lang='lat' dir='ltr'><strong>quande</strong></span> <span class='ocrx_word' id='word_1_240' title='bbox 1333 2429 1452 2492; x_wconf 88' lang='lat' dir='ltr'><strong>mortis</strong></span> 
     </span>
     <span class='ocr_line' id='line_1_26' title="bbox 217 2516 1451 2601; baseline -0.002 -19"><span class='ocrx_word' id='word_1_241' title='bbox 217 2516 383 2601; x_wconf 87' lang='lat' dir='ltr'><strong>periculum</strong></span> <span class='ocrx_word' id='word_1_242' title='bbox 404 2539 463 2580; x_wconf 91' lang='lat' dir='ltr'><strong>non</strong></span> <span class='ocrx_word' id='word_1_243' title='bbox 480 2517 622 2594; x_wconf 77' lang='lat' dir='ltr'><strong>imminet,</strong></span> <span class='ocrx_word' id='word_1_244' title='bbox 636 2537 812 2598; x_wconf 83' lang='lat' dir='ltr'><strong>quocunque</strong></span> <span class='ocrx_word' id='word_1_245' title='bbox 829 2518 913 2580; x_wconf 91' lang='lat' dir='ltr'><strong>modo</strong></span> <span class='ocrx_word' id='word_1_246' title='bbox 933 2534 1106 2578; x_wconf 83' lang='lat' dir='ltr'><strong>succurrere</strong></span> <span class='ocrx_word' id='word_1_247' title='bbox 1117 2520 1169 2576; x_wconf 91' lang='lat' dir='ltr'><strong>ant</strong></span> <span class='ocrx_word' id='word_1_248' title='bbox 1181 2516 1320 2594; x_wconf 89' lang='lat' dir='ltr'><strong>pccudern</strong></span> <span class='ocrx_word' id='word_1_249' title='bbox 1331 2519 1451 2578; x_wconf 92' lang='lat' dir='ltr'><strong>morbo</strong></span> 
     </span>
     <span class='ocr_line' id='line_1_27' title="bbox 218 2597 1454 2686; baseline -0.006 -16"><span class='ocrx_word' id='word_1_250' title='bbox 218 2607 354 2670; x_wconf 82' lang='lat' dir='ltr'><strong>allectam</strong></span> <span class='ocrx_word' id='word_1_251' title='bbox 368 2606 483 2686; x_wconf 85' lang='lat' dir='ltr'><strong>jurare.</strong></span> <span class='ocrx_word' id='word_1_252' title='bbox 507 2605 565 2665; x_wconf 93' lang='lat' dir='ltr'><strong>Pro</strong></span> <span class='ocrx_word' id='word_1_253' title='bbox 583 2602 662 2667; x_wconf 87' lang='lat' dir='ltr'><strong>nullo</strong></span> <span class='ocrx_word' id='word_1_254' title='bbox 678 2612 812 2682; x_wconf 84' lang='lat' dir='ltr'><strong>aegroto,</strong></span> <span class='ocrx_word' id='word_1_255' title='bbox 832 2602 890 2666; x_wconf 88' lang='lat' dir='ltr'><strong>nisi</strong></span> <span class='ocrx_word' id='word_1_256' title='bbox 907 2601 1091 2680; x_wconf 89' lang='lat' dir='ltr'><strong>moribundo,</strong></span> <span class='ocrx_word' id='word_1_257' title='bbox 1109 2607 1272 2682; x_wconf 83' lang='lat' dir='ltr'><strong>precantur.</strong></span> <span class='ocrx_word' id='word_1_258' title='bbox 1296 2597 1454 2666; x_wconf 81' lang='lat' dir='ltr'><strong>Membra</strong></span> 
     </span>
     <span class='ocr_line' id='line_1_28' title="bbox 218 2684 1452 2772; baseline -0.002 -18"><span class='ocrx_word' id='word_1_259' title='bbox 218 2693 362 2772; x_wconf 88' lang='lat' dir='ltr'><strong>corporis,</strong></span> <span class='ocrx_word' id='word_1_260' title='bbox 382 2691 469 2752; x_wconf 89' lang='lat' dir='ltr'><strong>etiam</strong></span> <span class='ocrx_word' id='word_1_261' title='bbox 488 2689 602 2750; x_wconf 83' lang='lat' dir='ltr'><strong>infirma</strong></span> <span class='ocrx_word' id='word_1_262' title='bbox 618 2701 646 2750; x_wconf 92' lang='lat' dir='ltr'><strong>ct</strong></span> <span class='ocrx_word' id='word_1_263' title='bbox 663 2687 747 2750; x_wconf 88' lang='lat' dir='ltr'><strong>laesa</strong></span> <span class='ocrx_word' id='word_1_264' title='bbox 762 2691 884 2750; x_wconf 87' lang='lat' dir='ltr'><strong>sabbato</strong></span> <span class='ocrx_word' id='word_1_265' title='bbox 901 2710 956 2752; x_wconf 90' lang='lat' dir='ltr'><strong>nec</strong></span> <span class='ocrx_word' id='word_1_266' title='bbox 973 2686 1038 2752; x_wconf 89' lang='lat' dir='ltr'><strong>oleo</strong></span> <span class='ocrx_word' id='word_1_267' title='bbox 1056 2709 1167 2770; x_wconf 77' lang='lat' dir='ltr'><strong>ungere</strong></span> <span class='ocrx_word' id='word_1_268' title='bbox 1184 2708 1237 2750; x_wconf 90' lang='lat' dir='ltr'><strong>noc</strong></span> <span class='ocrx_word' id='word_1_269' title='bbox 1248 2684 1315 2748; x_wconf 86' lang='lat' dir='ltr'><strong>aliis</strong></span> <span class='ocrx_word' id='word_1_270' title='bbox 1330 2689 1452 2770; x_wconf 85' lang='lat' dir='ltr'><strong>rebus,</strong></span> 
     </span>
     <span class='ocr_line' id='line_1_29' title="bbox 164 2773 1453 2859; baseline 0 -21"><span class='ocrx_word' id='word_1_271' title='bbox 164 2778 167 2782; x_wconf 83' lang='grc'><strong>’</strong></span> <span class='ocrx_word' id='word_1_272' title='bbox 218 2777 327 2859; x_wconf 86' lang='lat' dir='ltr'><strong>quibus</strong></span> <span class='ocrx_word' id='word_1_273' title='bbox 345 2776 461 2838; x_wconf 90' lang='lat' dir='ltr'><strong>dolores</strong></span> <span class='ocrx_word' id='word_1_274' title='bbox 478 2775 605 2855; x_wconf 88' lang='lat' dir='ltr'><strong>mitigari</strong></span> <span class='ocrx_word' id='word_1_275' title='bbox 622 2775 746 2855; x_wconf 85' lang='lat' dir='ltr'><strong>possint,</strong></span> <span class='ocrx_word' id='word_1_276' title='bbox 763 2773 878 2854; x_wconf 77' lang='lat' dir='ltr'><strong>illinere</strong></span> <span class='ocrx_word' id='word_1_277' title='bbox 897 2775 974 2838; x_wconf 90' lang='lat' dir='ltr'><strong>licet.</strong></span> <span class='ocrx_word' id='word_1_278' title='bbox 1006 2774 1122 2838; x_wconf 85' lang='lat' dir='ltr'><strong>Animal</strong></span> <span class='ocrx_word' id='word_1_279' title='bbox 1139 2775 1164 2838; x_wconf 85' lang='lat' dir='ltr'><strong>si</strong></span> <span class='ocrx_word' id='word_1_280' title='bbox 1180 2773 1211 2838; x_wconf 90' lang='lat' dir='ltr'><strong>iu</strong></span> <span class='ocrx_word' id='word_1_281' title='bbox 1225 2773 1339 2836; x_wconf 78' lang='lat' dir='ltr'><strong>foveam</strong></span> <span class='ocrx_word' id='word_1_282' title='bbox 1356 2773 1453 2840; x_wconf 91' lang='lat' dir='ltr'><strong>inci-</strong></span> 
     </span>
     <span class='ocr_line' id='line_1_30' title="bbox 217 2860 1452 2946; baseline -0.001 -19"><span class='ocrx_word' id='word_1_283' title='bbox 217 2864 302 2942; x_wconf 87' lang='lat' dir='ltr'><strong>derit,</strong></span> <span class='ocrx_word' id='word_1_284' title='bbox 319 2863 428 2946; x_wconf 89' lang='lat' dir='ltr'><strong>pabulo</strong></span> <span class='ocrx_word' id='word_1_285' title='bbox 444 2861 585 2938; x_wconf 88' lang='lat' dir='ltr'><strong>nutriunt,</strong></span> <span class='ocrx_word' id='word_1_286' title='bbox 603 2864 696 2924; x_wconf 90' lang='lat' dir='ltr'><strong>donec</strong></span> <span class='ocrx_word' id='word_1_287' title='bbox 712 2863 865 2924; x_wconf 87' lang='lat' dir='ltr'><strong>sabbatum</strong></span> <span class='ocrx_word' id='word_1_288' title='bbox 881 2862 1037 2942; x_wconf 87' lang='lat' dir='ltr'><strong>occiderit;</strong></span> <span class='ocrx_word' id='word_1_289' title='bbox 1053 2862 1079 2926; x_wconf 88' lang='lat' dir='ltr'><strong>si</strong></span> <span class='ocrx_word' id='word_1_290' title='bbox 1096 2861 1127 2924; x_wconf 91' lang='lat' dir='ltr'><strong>iu</strong></span> <span class='ocrx_word' id='word_1_291' title='bbox 1145 2882 1180 2926; x_wconf 88' lang='lat' dir='ltr'><strong>ea</strong></span> <span class='ocrx_word' id='word_1_292' title='bbox 1195 2860 1313 2924; x_wconf 90' lang='lat' dir='ltr'><strong>nimium</strong></span> <span class='ocrx_word' id='word_1_293' title='bbox 1330 2882 1452 2943; x_wconf 81' lang='lat' dir='ltr'><strong>aquae,</strong></span> 
     </span>
     <span class='ocr_line' id='line_1_31' title="bbox 217 2948 1451 3032; baseline -0.002 -16"><span class='ocrx_word' id='word_1_294' title='bbox 217 2963 251 3016; x_wconf 92' lang='lat' dir='ltr'><strong>nt</strong></span> <span class='ocrx_word' id='word_1_295' title='bbox 267 2952 395 3029; x_wconf 85' lang='lat' dir='ltr'><strong>timeant,</strong></span> <span class='ocrx_word' id='word_1_296' title='bbox 419 2972 458 3014; x_wconf 89' lang='lat' dir='ltr'><strong>ne</strong></span> <span class='ocrx_word' id='word_1_297' title='bbox 475 2957 583 3031; x_wconf 87' lang='lat' dir='ltr'><strong>percat,</strong></span> <span class='ocrx_word' id='word_1_298' title='bbox 600 2959 727 3012; x_wconf 88' lang='lat' dir='ltr'><strong>stramen</strong></span> <span class='ocrx_word' id='word_1_299' title='bbox 746 2948 898 3031; x_wconf 88' lang='lat' dir='ltr'><strong>abjiciunt,</strong></span> <span class='ocrx_word' id='word_1_300' title='bbox 921 2972 959 3013; x_wconf 90' lang='lat' dir='ltr'><strong>ne</strong></span> <span class='ocrx_word' id='word_1_301' title='bbox 974 2971 1051 3032; x_wconf 87' lang='lat' dir='ltr'><strong>aqua</strong></span> <span class='ocrx_word' id='word_1_302' title='bbox 1068 2949 1239 3028; x_wconf 86' lang='lat' dir='ltr'><strong>suffocetur,</strong></span> <span class='ocrx_word' id='word_1_303' title='bbox 1264 2948 1350 3030; x_wconf 75' lang='lat' dir='ltr'><strong>eique</strong></span> <span class='ocrx_word' id='word_1_304' title='bbox 1367 2953 1451 3032; x_wconf 90' lang='lat' dir='ltr'><strong>pul-</strong></span> 
     </span>
    </p>
   </div>
   <div class='ocr_carea' id='block_1_5' title="bbox 117 3035 1450 3120">
    <p class='ocr_par' dir='ltr' id='par_1_5' title="bbox 117 3035 1450 3120">
     <span class='ocr_line' id='line_1_32' title="bbox 117 3035 1450 3120; baseline -0.004 -15"><span class='ocrx_word' id='word_1_305' title='bbox 117 3061 120 3066; x_wconf 86' lang='lat'>·</span> <span class='ocrx_word' id='word_1_306' title='bbox 216 3040 302 3104; x_wconf 84' lang='lat' dir='ltr'><strong>rinar</strong></span> <span class='ocrx_word' id='word_1_307' title='bbox 313 3049 491 3119; x_wconf 80' lang='lat' dir='ltr'><strong>supponunt,</strong></span> <span class='ocrx_word' id='word_1_308' title='bbox 508 3047 540 3102; x_wconf 89' lang='lat' dir='ltr'><strong>ut</strong></span> <span class='ocrx_word' id='word_1_309' title='bbox 557 3036 649 3117; x_wconf 89' lang='lat' dir='ltr'><strong>possit</strong></span> <span class='ocrx_word' id='word_1_310' title='bbox 663 3039 839 3115; x_wconf 78' lang='lat' dir='ltr'><strong>oscender03</strong></span> <span class='ocrx_word' id='word_1_311' title='bbox 851 3035 926 3098; x_wconf 88' lang='lat' dir='ltr'><strong>illud</strong></span> <span class='ocrx_word' id='word_1_312' title='bbox 942 3058 1011 3100; x_wconf 86' lang='lat' dir='ltr'><strong>vero</strong></span> <span class='ocrx_word' id='word_1_313' title='bbox 1028 3037 1084 3098; x_wconf 90' lang='lat' dir='ltr'><strong>hoc</strong></span> <span class='ocrx_word' id='word_1_314' title='bbox 1101 3036 1146 3098; x_wconf 90' lang='lat' dir='ltr'><strong>die</strong></span> <span class='ocrx_word' id='word_1_315' title='bbox 1160 3036 1322 3114; x_wconf 87' lang='lat' dir='ltr'><strong>extrahere,</strong></span> <span class='ocrx_word' id='word_1_316' title='bbox 1340 3057 1450 3120; x_wconf 89' lang='lat' dir='ltr'><strong>nequo</strong></span> 
     </span>
    </p>
   </div>
   <div class='ocr_carea' id='block_1_6' title="bbox 216 3122 1452 3468">
    <p class='ocr_par' dir='ltr' id='par_1_6' title="bbox 216 3122 1452 3468">
     <span class='ocr_line' id='line_1_33' title="bbox 216 3122 1452 3206; baseline -0.003 -18"><span class='ocrx_word' id='word_1_317' title='bbox 216 3127 277 3206; x_wconf 90' lang='lat' dir='ltr'><strong>ipsi</strong></span> <span class='ocrx_word' id='word_1_318' title='bbox 291 3125 395 3190; x_wconf 85' lang='lat' dir='ltr'><strong>ludaei</strong></span> <span class='ocrx_word' id='word_1_319' title='bbox 410 3123 542 3186; x_wconf 86' lang='lat' dir='ltr'><strong>hodierni</strong></span> <span class='ocrx_word' id='word_1_320' title='bbox 558 3125 666 3187; x_wconf 88' lang='lat' dir='ltr'><strong>audent</strong></span> <span class='ocrx_word' id='word_1_321' title='bbox 688 3145 783 3205; x_wconf 85' lang='lat' dir='ltr'><strong>neque</strong></span> <span class='ocrx_word' id='word_1_322' title='bbox 808 3125 1015 3206; x_wconf 85' lang='lat' dir='ltr'><strong>amajoribus.</strong></span> <span class='ocrx_word' id='word_1_323' title='bbox 1027 3126 1180 3188; x_wconf 88' lang='lat' dir='ltr'><strong>sabbatum</strong></span> <span class='ocrx_word' id='word_1_324' title='bbox 1204 3122 1256 3186; x_wconf 88' lang='lat' dir='ltr'><strong>tali</strong></span> <span class='ocrx_word' id='word_1_325' title='bbox 1279 3123 1359 3193; x_wconf 80' lang='lat' dir='ltr'><strong>facto</strong></span> <span class='ocrx_word' id='word_1_326' title='bbox 1380 3147 1452 3188; x_wconf 82' lang='lat' dir='ltr'><strong>nn.</strong></span> 
     </span>
     <span class='ocr_line' id='line_1_34' title="bbox 218 3208 1452 3293; baseline -0.002 -14"><span class='ocrx_word' id='word_1_327' title='bbox 218 3233 306 3293; x_wconf 80' lang='lat' dir='ltr'><strong>quam</strong></span> <span class='ocrx_word' id='word_1_328' title='bbox 321 3212 414 3274; x_wconf 86' lang='lat' dir='ltr'><strong>fuisse</strong></span> <span class='ocrx_word' id='word_1_329' title='bbox 436 3208 577 3280; x_wconf 81' lang='lat' dir='ltr'><strong>¹uiolatum</strong></span> <span class='ocrx_word' id='word_1_330' title='bbox 597 3213 728 3274; x_wconf 87' lang='lat' dir='ltr'><strong>credunt.</strong></span> <span class='ocrx_word' id='word_1_331' title='bbox 770 3211 869 3290; x_wconf 79' lang='lat' dir='ltr'><strong>Quare</strong></span> <span class='ocrx_word' id='word_1_332' title='bbox 894 3211 981 3274; x_wconf 90' lang='lat' dir='ltr'><strong>ctiam</strong></span> <span class='ocrx_word' id='word_1_333' title='bbox 997 3211 1182 3274; x_wconf 89' lang='lat' dir='ltr'><strong>Serratnrem</strong></span> <span class='ocrx_word' id='word_1_334' title='bbox 1199 3217 1329 3274; x_wconf 89' lang='lat' dir='ltr'><strong>nostrum</strong></span> <span class='ocrx_word' id='word_1_335' title='bbox 1351 3233 1452 3276; x_wconf 89' lang='lat' dir='ltr'><strong>men-</strong></span> 
     </span>
     <span class='ocr_line' id='line_1_35' title="bbox 217 3295 1450 3379; baseline 0.005 -19"><span class='ocrx_word' id='word_1_336' title='bbox 217 3298 295 3362; x_wconf 86' lang='lat' dir='ltr'><strong>dacii</strong></span> <span class='ocrx_word' id='word_1_337' title='bbox 311 3307 461 3374; x_wconf 84' lang='lat' dir='ltr'><strong>accusant,</strong></span> <span class='ocrx_word' id='word_1_338' title='bbox 483 3319 549 3360; x_wconf 89' lang='lat' dir='ltr'><strong>oum</strong></span> <span class='ocrx_word' id='word_1_339' title='bbox 574 3295 664 3379; x_wconf 86' lang='lat' dir='ltr'><strong>(Luc.</strong></span> <span class='ocrx_word' id='word_1_340' title='bbox 683 3295 732 3372; x_wconf 77' lang='lat' dir='ltr'><strong>ld,</strong></span> <span class='ocrx_word' id='word_1_341' title='bbox 750 3300 795 3376; x_wconf 84' lang='lat'><strong>5.)</strong></span> <span class='ocrx_word' id='word_1_342' title='bbox 820 3300 858 3359; x_wconf 91' lang='lat' dir='ltr'><strong>ad</strong></span> <span class='ocrx_word' id='word_1_343' title='bbox 875 3299 1086 3362; x_wconf 82' lang='lat' dir='ltr'><strong>defendendam</strong></span> <span class='ocrx_word' id='word_1_344' title='bbox 1114 3297 1295 3362; x_wconf 84' lang='lat' dir='ltr'><strong>sanationem</strong></span> <span class='ocrx_word' id='word_1_345' title='bbox 1312 3313 1450 3378; x_wconf 85' lang='lat' dir='ltr'><strong>aegroto</strong></span> 
     </span>
     <span class='ocr_line' id='line_1_36' title="bbox 218 3383 1450 3468; baseline -0.002 -18"><span class='ocrx_word' id='word_1_346' title='bbox 218 3397 347 3468; x_wconf 87' lang='lat' dir='ltr'><strong>tempore</strong></span> <span class='ocrx_word' id='word_1_347' title='bbox 363 3383 478 3448; x_wconf 79' lang='lat' dir='ltr'><strong>sabbati</strong></span> <span class='ocrx_word' id='word_1_348' title='bbox 499 3384 668 3466; x_wconf 67' lang='lat' dir='ltr'><strong>praestitam</strong></span> <span class='ocrx_word' id='word_1_349' title='bbox 693 3384 869 3448; x_wconf 87' lang='lat' dir='ltr'><strong>Pharisaeos</strong></span> <span class='ocrx_word' id='word_1_350' title='bbox 895 3385 965 3450; x_wconf 82' lang='lat' dir='ltr'><strong>talia</strong></span> <span class='ocrx_word' id='word_1_351' title='bbox 990 3407 1079 3466; x_wconf 89' lang='lat' dir='ltr'><strong>opera</strong></span> <span class='ocrx_word' id='word_1_352' title='bbox 1103 3383 1323 3454; x_wconf 86' lang='lat' dir='ltr'><strong>misericordiae</strong></span> <span class='ocrx_word' id='word_1_353' title='bbox 1348 3389 1450 3454; x_wconf 84' lang='lat' dir='ltr'><strong>etiam</strong></span> 
     </span>
    </p>
   </div>
   <div class='ocr_carea' id='block_1_7' title="bbox 119 3471 904 3554">
    <p class='ocr_par' dir='ltr' id='par_1_7' title="bbox 119 3471 904 3554">
     <span class='ocr_line' id='line_1_37' title="bbox 119 3471 904 3554; baseline -0.004 -15"><span class='ocrx_word' id='word_1_354' title='bbox 119 3479 122 3484; x_wconf 82' lang='lat'>&#39;</span> <span class='ocrx_word' id='word_1_355' title='bbox 210 3475 273 3542; x_wconf 82' lang='lat' dir='ltr'><strong>¹hoc</strong></span> <span class='ocrx_word' id='word_1_356' title='bbox 289 3471 342 3539; x_wconf 88' lang='lat' dir='ltr'><strong>die.</strong></span> <span class='ocrx_word' id='word_1_357' title='bbox 353 3494 429 3554; x_wconf 85' lang='lat' dir='ltr'><strong>erga</strong></span> <span class='ocrx_word' id='word_1_358' title='bbox 445 3472 554 3536; x_wconf 88' lang='lat' dir='ltr'><strong>bestias</strong></span> <span class='ocrx_word' id='word_1_359' title='bbox 571 3475 727 3536; x_wconf 83' lang='lat' dir='ltr'><strong>observare</strong></span> <span class='ocrx_word' id='word_1_360' title='bbox 745 3473 904 3536; x_wconf 84' lang='lat' dir='ltr'><strong>confirmet.</strong></span> 
     </span>
    </p>
   </div>
   <div class='ocr_carea' id='block_1_8' title="bbox 196 3557 1451 4518">
    <p class='ocr_par' dir='ltr' id='par_1_8' title="bbox 196 3557 1451 4518">
     <span class='ocr_line' id='line_1_38' title="bbox 303 3557 1451 3644; baseline -0.002 -20"><span class='ocrx_word' id='word_1_361' title='bbox 303 3561 538 3626; x_wconf 80' lang='lat' dir='ltr'><strong>celebratio</strong></span> <span class='ocrx_word' id='word_1_362' title='bbox 563 3561 722 3624; x_wconf 88' lang='lat' dir='ltr'><strong>sabbati</strong></span> <span class='ocrx_word' id='word_1_363' title='bbox 746 3561 851 3622; x_wconf 92' lang='lat' dir='ltr'><strong>inter</strong></span> <span class='ocrx_word' id='word_1_364' title='bbox 875 3559 1016 3642; x_wconf 90' lang='lat' dir='ltr'><strong>primos</strong></span> <span class='ocrx_word' id='word_1_365' title='bbox 1035 3557 1307 3624; x_wconf 82' lang='lat' dir='ltr'><strong>Christianos.</strong></span> <span class='ocrx_word' id='word_1_366' title='bbox 1354 3561 1451 3644; x_wconf 84' lang='lat' dir='ltr'><strong>Apo-</strong></span> 
     </span>
     <span class='ocr_line' id='line_1_39' title="bbox 217 3643 1451 3732; baseline 0.001 -20"><span class='ocrx_word' id='word_1_367' title='bbox 217 3647 285 3712; x_wconf 87' lang='lat' dir='ltr'><strong>stoli</strong></span> <span class='ocrx_word' id='word_1_368' title='bbox 311 3658 339 3710; x_wconf 88' lang='lat' dir='ltr'><strong>et</strong></span> <span class='ocrx_word' id='word_1_369' title='bbox 363 3647 447 3728; x_wconf 87' lang='lat' dir='ltr'><strong>primi</strong></span> <span class='ocrx_word' id='word_1_370' title='bbox 473 3646 624 3710; x_wconf 88' lang='lat' dir='ltr'><strong>christiani</strong></span> <span class='ocrx_word' id='word_1_371' title='bbox 647 3647 774 3712; x_wconf 84' lang='lat' dir='ltr'><strong>nominis</strong></span> <span class='ocrx_word' id='word_1_372' title='bbox 800 3647 997 3724; x_wconf 81' lang='lat' dir='ltr'><strong>consessores,</strong></span> <span class='ocrx_word' id='word_1_373' title='bbox 1026 3645 1332 3727; x_wconf 79' lang='lat' dir='ltr'><strong>eludaeisegrcssi,</strong></span> <span class='ocrx_word' id='word_1_374' title='bbox 1358 3643 1451 3732; x_wconf 86' lang='lat' dir='ltr'><strong>legis</strong></span> 
     </span>
     <span class='ocr_line' id='line_1_40' title="bbox 196 3733 1450 3820; baseline -0.002 -22"><span class='ocrx_word' id='word_1_375' title='bbox 196 3733 429 3820; x_wconf 50' lang='lat' dir='ltr'><strong>,cermnonialin</strong></span> <span class='ocrx_word' id='word_1_376' title='bbox 455 3756 506 3816; x_wconf 90' lang='lat' dir='ltr'><strong>per</strong></span> <span class='ocrx_word' id='word_1_377' title='bbox 522 3733 631 3798; x_wconf 87' lang='lat' dir='ltr'><strong>Christi</strong></span> <span class='ocrx_word' id='word_1_378' title='bbox 648 3738 802 3798; x_wconf 88' lang='lat' dir='ltr'><strong>adrentum</strong></span> <span class='ocrx_word' id='word_1_379' title='bbox 818 3735 963 3816; x_wconf 88' lang='lat' dir='ltr'><strong>impletae,</strong></span> <span class='ocrx_word' id='word_1_380' title='bbox 978 3733 1170 3798; x_wconf 82' lang='lat' dir='ltr'><strong>reverentiam</strong></span> <span class='ocrx_word' id='word_1_381' title='bbox 1185 3743 1274 3815; x_wconf 83' lang='lat' dir='ltr'><strong>utque</strong></span> <span class='ocrx_word' id='word_1_382' title='bbox 1286 3736 1450 3806; x_wconf 63' lang='lat' dir='ltr'><strong>,ohserva-</strong></span> 
     </span>
     <span class='ocr_line' id='line_1_41' title="bbox 215 3817 1451 3902; baseline 0.003 -20"><span class='ocrx_word' id='word_1_383' title='bbox 215 3821 324 3887; x_wconf 84' lang='lat' dir='ltr'><strong>tionem</strong></span> <span class='ocrx_word' id='word_1_384' title='bbox 336 3822 470 3902; x_wconf 85' lang='lat' dir='ltr'><strong>justitiae</strong></span> <span class='ocrx_word' id='word_1_385' title='bbox 489 3843 586 3886; x_wconf 88' lang='lat' dir='ltr'><strong>causa</strong></span> <span class='ocrx_word' id='word_1_386' title='bbox 611 3821 687 3884; x_wconf 91' lang='lat' dir='ltr'><strong>inter</strong></span> <span class='ocrx_word' id='word_1_387' title='bbox 710 3844 742 3886; x_wconf 88' lang='lat' dir='ltr'><strong>sc</strong></span> <span class='ocrx_word' id='word_1_388' title='bbox 767 3844 825 3884; x_wconf 92' lang='lat' dir='ltr'><strong>non</strong></span> <span class='ocrx_word' id='word_1_389' title='bbox 851 3823 1022 3898; x_wconf 87' lang='lat' dir='ltr'><strong>tolerabant,</strong></span> <span class='ocrx_word' id='word_1_390' title='bbox 1046 3831 1079 3882; x_wconf 89' lang='lat' dir='ltr'><strong>nt</strong></span> <span class='ocrx_word' id='word_1_391' title='bbox 1096 3823 1132 3887; x_wconf 80' lang='lat' dir='ltr'><strong>&#39;ex</strong></span> <span class='ocrx_word' id='word_1_392' title='bbox 1150 3817 1277 3902; x_wconf 83' lang='lat' dir='ltr'><strong>epistola</strong></span> <span class='ocrx_word' id='word_1_393' title='bbox 1291 3817 1388 3884; x_wconf 83' lang='lat' dir='ltr'><strong>Pauli</strong></span> <span class='ocrx_word' id='word_1_394' title='bbox 1408 3829 1451 3890; x_wconf 86' lang='lat' dir='ltr'><strong>ad</strong></span> 
     </span>
     <span class='ocr_line' id='line_1_42' title="bbox 215 3905 1449 3992; baseline 0.002 -20"><span class='ocrx_word' id='word_1_395' title='bbox 215 3907 285 3972; x_wconf 81' lang='lat' dir='ltr'><strong>Gal.</strong></span> <span class='ocrx_word' id='word_1_396' title='bbox 301 3909 411 3990; x_wconf 70' lang='lat' dir='ltr'><strong>sculpta</strong></span> <span class='ocrx_word' id='word_1_397' title='bbox 426 3909 591 3976; x_wconf 84' lang='lat' dir='ltr'><strong>luculenter</strong></span> <span class='ocrx_word' id='word_1_398' title='bbox 606 3920 737 3990; x_wconf 89' lang='lat' dir='ltr'><strong>apparet.</strong></span> <span class='ocrx_word' id='word_1_399' title='bbox 770 3909 847 3975; x_wconf 87' lang='lat' dir='ltr'><strong>Hinc</strong></span> <span class='ocrx_word' id='word_1_400' title='bbox 866 3906 951 3972; x_wconf 86' lang='lat' dir='ltr'><strong>otiam</strong></span> <span class='ocrx_word' id='word_1_401' title='bbox 969 3905 1162 3991; x_wconf 80' lang='lat' dir='ltr'><strong>negligebant</strong></span> <span class='ocrx_word' id='word_1_402' title='bbox 1176 3910 1334 3972; x_wconf 84' lang='lat' dir='ltr'><strong>sabbatum</strong></span> <span class='ocrx_word' id='word_1_403' title='bbox 1353 3911 1449 3992; x_wconf 82' lang='lat' dir='ltr'><strong>ejus-</strong></span> 
     </span>
     <span class='ocr_line' id='line_1_43' title="bbox 215 3994 1450 4078; baseline 0.002 -18"><span class='ocrx_word' id='word_1_404' title='bbox 215 4015 273 4078; x_wconf 79' lang='lat' dir='ltr'><strong>que</strong></span> <span class='ocrx_word' id='word_1_405' title='bbox 297 3995 532 4075; x_wconf 84' lang='lat' dir='ltr'><strong>celebrationem,</strong></span> <span class='ocrx_word' id='word_1_406' title='bbox 559 4006 680 4078; x_wconf 85' lang='lat' dir='ltr'><strong>partem,</strong></span> <span class='ocrx_word' id='word_1_407' title='bbox 707 4007 739 4059; x_wconf 91' lang='lat' dir='ltr'><strong>nt</strong></span> <span class='ocrx_word' id='word_1_408' title='bbox 757 4008 835 4058; x_wconf 87' lang='lat' dir='ltr'><strong>recte</strong></span> <span class='ocrx_word' id='word_1_409' title='bbox 859 3998 1010 4078; x_wconf 87' lang='lat' dir='ltr'><strong>putabunt,</strong></span> <span class='ocrx_word' id='word_1_410' title='bbox 1034 3994 1114 4076; x_wconf 84' lang='lat' dir='ltr'><strong>legis</strong></span> <span class='ocrx_word' id='word_1_411' title='bbox 1135 3996 1295 4059; x_wconf 86' lang='lat' dir='ltr'><strong>mosaicae.</strong></span> <span class='ocrx_word' id='word_1_412' title='bbox 1341 3996 1450 4062; x_wconf 88' lang='lat' dir='ltr'><strong>Paulo</strong></span> 
     </span>
     <span class='ocr_line' id='line_1_44' title="bbox 215 4081 1451 4178; baseline 0.001 -32"><span class='ocrx_word' id='word_1_413' title='bbox 215 4097 377 4164; x_wconf 74' lang='lat' dir='ltr'><strong>postvmo,</strong></span> <span class='ocrx_word' id='word_1_414' title='bbox 394 4082 439 4147; x_wconf 87' lang='lat' dir='ltr'><strong>rel</strong></span> <span class='ocrx_word' id='word_1_415' title='bbox 456 4083 633 4166; x_wconf 82' lang='lat' dir='ltr'><strong>temporibus</strong></span> <span class='ocrx_word' id='word_1_416' title='bbox 656 4083 861 4164; x_wconf 86' lang='lat' dir='ltr'><strong>Apostolorum</strong></span> <span class='ocrx_word' id='word_1_417' title='bbox 883 4083 958 4178; x_wconf 68' lang='lat' dir='ltr'><strong>ipsis</strong></span> <span class='ocrx_word' id='word_1_418' title='bbox 983 4081 1031 4146; x_wconf 86' lang='lat' dir='ltr'><strong>vel</strong></span> <span class='ocrx_word' id='word_1_419' title='bbox 1055 4091 1133 4146; x_wconf 89' lang='lat' dir='ltr'><strong>certe</strong></span> <span class='ocrx_word' id='word_1_420' title='bbox 1149 4091 1263 4164; x_wconf 80' lang='lat' dir='ltr'><strong>patron</strong></span> <span class='ocrx_word' id='word_1_421' title='bbox 1288 4085 1451 4163; x_wconf 83' lang='lat' dir='ltr'><strong>apostoli-</strong></span> 
     </span>
     <span class='ocr_line' id='line_1_45' title="bbox 216 4169 1450 4252; baseline 0.006 -20"><span class='ocrx_word' id='word_1_422' title='bbox 216 4192 317 4236; x_wconf 87' lang='lat' dir='ltr'><strong>corum</strong></span> <span class='ocrx_word' id='word_1_423' title='bbox 333 4179 437 4248; x_wconf 79' lang='lat' dir='ltr'><strong>astarte,</strong></span> <span class='ocrx_word' id='word_1_424' title='bbox 456 4171 616 4246; x_wconf 87' lang='lat' dir='ltr'><strong>Christiani</strong></span> <span class='ocrx_word' id='word_1_425' title='bbox 635 4169 813 4250; x_wconf 88' lang='lat' dir='ltr'><strong>incipiebant</strong></span> <span class='ocrx_word' id='word_1_426' title='bbox 830 4174 983 4234; x_wconf 84' lang='lat' dir='ltr'><strong>sabbatum</strong></span> <span class='ocrx_word' id='word_1_427' title='bbox 997 4169 1161 4252; x_wconf 78' lang='lat' dir='ltr'><strong>judaicum,</strong></span> <span class='ocrx_word' id='word_1_428' title='bbox 1176 4179 1209 4232; x_wconf 92' lang='lat' dir='ltr'><strong>nt</strong></span> <span class='ocrx_word' id='word_1_429' title='bbox 1224 4169 1302 4248; x_wconf 70' lang='lat' dir='ltr'><strong>diem</strong></span> <span class='ocrx_word' id='word_1_430' title='bbox 1317 4171 1450 4250; x_wconf 81' lang='lat' dir='ltr'><strong>festum,</strong></span> 
     </span>
     <span class='ocr_line' id='line_1_46' title="bbox 215 4255 1449 4340; baseline 0.002 -20"><span class='ocrx_word' id='word_1_431' title='bbox 215 4257 298 4322; x_wconf 81' lang='lat' dir='ltr'><strong>cultu</strong></span> <span class='ocrx_word' id='word_1_432' title='bbox 315 4261 471 4322; x_wconf 81' lang='lat' dir='ltr'><strong>observare</strong></span> <span class='ocrx_word' id='word_1_433' title='bbox 496 4257 649 4339; x_wconf 85' lang='lat' dir='ltr'><strong>religioso,</strong></span> <span class='ocrx_word' id='word_1_434' title='bbox 672 4257 704 4321; x_wconf 90' lang='lat' dir='ltr'><strong>in</strong></span> <span class='ocrx_word' id='word_1_435' title='bbox 726 4257 850 4337; x_wconf 85' lang='lat' dir='ltr'><strong>gratiam</strong></span> <span class='ocrx_word' id='word_1_436' title='bbox 876 4257 1031 4320; x_wconf 86' lang='lat' dir='ltr'><strong>multorum</strong></span> <span class='ocrx_word' id='word_1_437' title='bbox 1056 4256 1113 4318; x_wconf 89' lang='lat' dir='ltr'><strong>fide</strong></span> <span class='ocrx_word' id='word_1_438' title='bbox 1137 4255 1329 4336; x_wconf 81' lang='lat' dir='ltr'><strong>intirmorum,</strong></span> <span class='ocrx_word' id='word_1_439' title='bbox 1346 4261 1449 4340; x_wconf 60' lang='lat' dir='ltr'><strong>¹quie</strong></span> 
     </span>
     <span class='ocr_line' id='line_1_47' title="bbox 215 4343 1449 4426; baseline 0.002 -16"><span class='ocrx_word' id='word_1_440' title='bbox 215 4345 338 4413; x_wconf 78' lang='lat' dir='ltr'><strong>Judnoin</strong></span> <span class='ocrx_word' id='word_1_441' title='bbox 355 4355 438 4408; x_wconf 87' lang='lat' dir='ltr'><strong>orant</strong></span> <span class='ocrx_word' id='word_1_442' title='bbox 453 4345 596 4422; x_wconf 74' lang='lat' dir='ltr'><strong>conuersi,</strong></span> <span class='ocrx_word' id='word_1_443' title='bbox 614 4355 643 4406; x_wconf 89' lang='lat' dir='ltr'><strong>ot</strong></span> <span class='ocrx_word' id='word_1_444' title='bbox 666 4345 820 4409; x_wconf 83' lang='lat' dir='ltr'><strong>maximam</strong></span> <span class='ocrx_word' id='word_1_445' title='bbox 838 4345 1029 4411; x_wconf 74' lang='lat' dir='ltr'><strong>repercutiam</strong></span> <span class='ocrx_word' id='word_1_446' title='bbox 1044 4343 1193 4409; x_wconf 90' lang='lat' dir='ltr'><strong>habebant</strong></span> <span class='ocrx_word' id='word_1_447' title='bbox 1209 4364 1283 4426; x_wconf 85' lang='lat' dir='ltr'><strong>erga</strong></span> <span class='ocrx_word' id='word_1_448' title='bbox 1300 4365 1449 4421; x_wconf 80' lang='lat' dir='ltr'><strong>ceremo-</strong></span> 
     </span>
     <span class='ocr_line' id='line_1_48' title="bbox 213 4430 1449 4518; baseline 0.003 -20"><span class='ocrx_word' id='word_1_449' title='bbox 213 4433 283 4500; x_wconf 84' lang='lat' dir='ltr'><strong>niae</strong></span> <span class='ocrx_word' id='word_1_450' title='bbox 298 4456 317 4500; x_wconf 91' lang='lat' dir='ltr'><strong>a</strong></span> <span class='ocrx_word' id='word_1_451' title='bbox 331 4433 402 4500; x_wconf 81' lang='lat' dir='ltr'><strong>Dee</strong></span> <span class='ocrx_word' id='word_1_452' title='bbox 414 4455 466 4518; x_wconf 87' lang='lat' dir='ltr'><strong>per</strong></span> <span class='ocrx_word' id='word_1_453' title='bbox 482 4433 589 4498; x_wconf 83' lang='lat' dir='ltr'><strong>Mosen</strong></span> <span class='ocrx_word' id='word_1_454' title='bbox 607 4432 726 4498; x_wconf 80' lang='lat' dir='ltr'><strong>traditas</strong></span> <span class='ocrx_word' id='word_1_455' title='bbox 744 4442 772 4498; x_wconf 90' lang='lat' dir='ltr'><strong>et</strong></span> <span class='ocrx_word' id='word_1_456' title='bbox 787 4453 805 4498; x_wconf 93' lang='lat' dir='ltr'><strong>a</strong></span> <span class='ocrx_word' id='word_1_457' title='bbox 821 4432 884 4500; x_wconf 87' lang='lat' dir='ltr'><strong>suis</strong></span> <span class='ocrx_word' id='word_1_458' title='bbox 898 4431 1059 4516; x_wconf 80' lang='lat' dir='ltr'><strong>majoribus</strong></span> <span class='ocrx_word' id='word_1_459' title='bbox 1082 4451 1196 4498; x_wconf 85' lang='lat' dir='ltr'><strong>summo</strong></span> <span class='ocrx_word' id='word_1_460' title='bbox 1212 4430 1310 4501; x_wconf 84' lang='lat' dir='ltr'><strong>studio</strong></span> <span class='ocrx_word' id='word_1_461' title='bbox 1332 4433 1449 4502; x_wconf 88' lang='lat' dir='ltr'><strong>obser·</strong></span> 
     </span>
    </p>
   </div>
   <div class='ocr_carea' id='block_1_9' title="bbox 0 0 1476 4904">
    <p class='ocr_par' dir='ltr' id='par_1_9' title="bbox 0 0 1476 4904">
     <span class='ocr_line' id='line_1_49' title="bbox 0 0 1476 4904; baseline 0 0"><span class='ocrx_word' id='word_1_462' title='bbox 0 0 1476 4904; x_wconf 95' lang='lat' dir='ltr'><strong> </strong></span> 
     </span>
    </p>
   </div>
  </div>
 </body>
</html>
