2916 4904
500 309 539 372 de
559 305 797 391 quadragesima.
846 317 849 328 ¹
935 311 939 326 '
1215 316 1259 384 20

38 489 243 569 aooat,qnaru
259 479 397 544 Christus
412 483 607 547 adornaverit.
640 483 795 548 caeterum
809 485 925 569 ieiunia
951 484 1044 551 libera
1055 485 1067 567 ,'
1091 491 1144 552 sed
1164 498 1260 556 ‘unum

39 570 94 631 boe
114 568 320 632 neeessariam
338 579 453 646 ¹censet,
479 591 544 633 eum
561 572 600 634 sit
614 571 683 653 lege
700 571 799 635 diuina
815 573 1021 648 introductum.
1058 575 1139 654 Quin
1154 587 1182 640 et
1196 579 1260 642 Leo

39 657 79 719 Μ.
96 675 190 720 serm.
206 655 240 720 4.
263 657 520 737 quadragesimam
544 657 683 722 divinitus
707 659 867 724 institutam
891 681 1027 725 asserere
1044 663 1166 726 ridetur.
1200 665 1269 728 Sed·

39 745 187 805 nntabunt
201 742 328 805 studiosi
344 763 421 808 saer.
437 745 564 826 antiqq,
588 748 665 827 qaod
690 747 816 830 antiquis
841 748 1035 830 scriptoribus
1051 747 1196 814 familiare
1212 752 1260 832 sit,

40 851 83 907 ea,
96 851 179 912 quae
193 828 329 912 exemplo
344 829 445 912 aliquo
462 831 493 893 in
508 833 604 895 saeris
618 833 712 895 literis
729 853 870 917 expresso
887 835 1035 915 nituntur,
1052 837 1193 900 diuinitus
1209 837 1259 899 irr-

39 919 143 980 stitnta
160 915 318 982 affirmare.
350 919 425 981 Gom
441 919 666 999 igitnroueusio
679 921 792 1002 jejunio
809 923 1055 1004 quadragesimali
1072 925 1109 986 ab
1126 924 1260 1006 exemplo
1391 938 1395 950 ⁴

39 1004 165 1068 Gbristi-
181 1025 233 1084 per
257 1005 453 1086 qnadraginta
478 1007 597 1070 diesin
621 1028 718 1071 eremo
740 1009 903 1091 jejunantis
927 1013 1062 1073 deaurata
1082 1011 1137 1088 sit,
1162 1020 1260 1092 patres

39 1089 214 1174 ῥητορικῶς
243 1092 333 1154 leonti
364 1095 401 1155 orl
427 1091 536 1157 Claristi
559 1097 726 1158 mmdatnm
750 1097 897 1175 relernnt,
924 1101 1000 1179 qnod
1025 1119 1083 1160 uon
1098 1099 1186 1161 babet
1201 1098 1260 1160 nisi

40 1179 210 1260 exemplum
228 1177 350 1241 ebriati.
380 1181 448 1242 ldeo
465 1189 562 1244 autern
579 1191 677 1264 patres
701 1185 958 1265 quadragesimam
979 1185 1025 1246 bis
1042 1185 1148 1266 elogiis
1171 1188 1261 1248 ador·

42 1277 118 1344 nant,
135 1275 173 1327 nt
189 1265 374 1328 Christianos
397 1271 434 1330 ad
455 1269 601 1350 jejunium
628 1271 683 1331 bon
708 1273 855 1350 agendum
880 1291 915 1334 eo
940 1271 1036 1352 magis
1059 1275 1260 1350 accenderant,

42 1363 144 1434 estque
163 1353 193 1415 lt.
208 1350 230 1414 l.
246 1356 433 1418 mummia
447 1357 555 1436 regula
569 1355 757 1439 Hieronymi:
784 1365 933 1440 Pruooeptu
948 1363 1087 1436 maiorum
1103 1363 1175 1439 tepeo
1189 1381 1261 1441 upo-

41 1445 159 1503 ototirna
174 1443 359 1504 arbitrantur.
377 1475 418 1495 -
443 1443 473 1526 ᾗ.
490 1445 520 1506 3.
538 1441 637 1525 Vulgo
653 1443 754 1506 iertnr
763 1445 981 1528 Telesphorus,
1007 1445 1055 1528 qui
1082 1445 1169 1526 paulo
1193 1455 1261 1509 anm

41 1529 172 1590 medum
188 1547 250 1589 sen.
265 1527 303 1592 ll.
318 1547 394 1610 papa
410 1527 482 1606 init,
505 1531 650 1613 jejuniam
666 1532 921 1613 quadragesimale
942 1533 1056 1614 primns
1079 1533 1147 1614 lego
1162 1533 1261 1598 euolo-

42 1614 169 1678 siastiua
186 1615 336 1680 sanxisse.
365 1615 464 1680 Verba
481 1618 589 1680 decreti
604 1619 677 1680 baeu
700 1629 787 1682 snut:
812 1625 957 1682 flmtntum
982 1631 1022 1682 eat
1039 1642 1058 1682 u
1074 1623 1154 1682 nobie
1183 1632 1210 1684 st
1226 1623 1261 1684 nb

42 1705 172 1764 mauibas
188 1709 342 1784 episeopis,
367 1713 399 1764 m
414 1706 505 1766 nterim
527 1725 578 1786 pao
600 1711 722 1784 tateprno
737 1717 843 1786 ‘septem
866 1710 1052 1770 laobdomudm
1074 1719 1139 1770 uate
1159 1711 1260 1786 {mara

42 1794 166 1870 paeane
183 1811 202 1850 u
217 1792 349 1852 aurailus
361 1792 493 1870 iojuaeat,
508 1799 575 1872 quio
591 1795 819 1884 quaemadmodum
835 1802 893 1856 nitu
910 1798 1071 1857 alamannam
1085 1806 1112 1857 et
1126 1799 1262 1858 totunm

43 1881 177 1940 danaum
194 1887 243 1949 aot,
260 1883 301 1938 aiu
315 1879 459 1962 stirpante
476 1880 623 1942 dinariorum
639 1891 774 1955 uremur.
805 1881 864 1943 Seal
881 1903 918 1944 ex
935 1881 990 1943 bon
1009 1881 1184 1963 'feleaplsori
1207 1885 1261 1944 tle-

45 1975 119 2026 rreto
137 1963 274 2026 mhmna
286 1963 432 2045 jejuniam
449 1966 704 2048 quadragesimale
729 1987 788 2030 non
804 1967 950 2046 omuibus,
961 1965 1014 2032 aed
1031 1967 1126 2056 solum
1145 1968 1261 2030 uterinis

45 2051 223 2133 inpositum,
239 2068 406 2133 quanquam
423 2051 478 2114 riri
495 2054 571 2128 doeti
596 2055 703 2116 dudum
722 2056 917 2134 ostenderint,
942 2059 1089 2118 decretum
1107 2054 1179 2118 illud
1196 2055 1261 2118 Ta·

45 2138 176 2220 lesplrori
193 2137 377 2218 suppositum
401 2159 477 2201 esse.
510 2141 570 2202 lnro
587 2141 780 2204 llallaeus
807 2163 865 2206 uon
888 2143 929 2206 ita
952 2143 1063 2224 pridem
1079 2145 1116 2206 de
1129 2143 1262 2226 jejuniis,
1287 2185 1299 2208 a

47 2224 219 2307 praesertim
235 2227 272 2288 de
297 2226 546 2306 quadragesimali
567 2228 698 2310 jejunio,
721 2228 852 2291 libellum
880 2229 1108 2292 eruditissimum
1133 2229 1262 2310 arripnit,

48 2335 103 2394 quo
118 2315 309 2389 domonstrat,
325 2313 427 2395 primis
443 2313 537 2377 tribus
553 2315 664 2377 aeenlia
691 2337 786 2396 nsque
803 2320 839 2377 ad
867 2327 997 2397 tempora
1020 2316 1139 2378 aoncilii
1156 2315 1261 2380 Nieeai

52 2398 314 2480 quadragesimam,
330 2399 446 2480 qualern
462 2401 548 2462 leodio
558 2400 703 2462 Pontiiuii
719 2412 820 2480 agunt,
838 2423 895 2462 non
913 2402 1017 2464 inisse.
1031 2433 1071 2448 ··-
1088 2401 1157 2482 Μ.
1174 2402 1261 2476 Quod

51 2488 89 2547 ad
106 2487 220 2548 modun
234 2487 341 2565 agendi
359 2487 616 2568 quadragesimam
632 2487 749 2562 attinet,
772 2487 821 2546 bie
839 2488 948 2567 injure
965 2486 1110 2566 canonino
1122 2507 1158 2548 ex
1177 2485 1261 2565 epist.

50 2573 186 2654 Gregorii
201 2572 244 2636 M.
261 2575 299 2635 ad
316 2573 471 2656 episeopus
488 2571 614 2654 angliae
629 2573 670 2635 ita
686 2573 831 2639 retertur}
854 2573 963 2636 Olerini
975 2572 1119 2655 jejunium
1138 2593 1156 2635 a
1173 2571 1263 2654 quin-

52 2661 221 2741 quagesima
238 2659 326 2722 ordiri
343 2655 466 2738 debeat,
484 2661 627 2746 atlaieos
652 2659 840 2725 antecellant.
872 2661 933 2722 Sed
959 2681 1057 2723 aaron
1080 2661 1130 2722 die
1146 2681 1263 2742 qnoque

52 2747 194 2810 dominieo
210 2749 345 2829 jejunare
362 2750 502 2825 debeant,
526 2748 644 2826 dubito,
668 2770 733 2810 eun
751 2749 819 2810 lniri
844 2749 1005 2830 eupiditate>
1025 2750 1156 2810 narnium
1171 2747 1263 2810 illeeti

52 2836 94 2896 die
111 2835 260 2898 dominioo
277 2837 316 2896 ad
331 2836 443 2898 medias
460 2855 557 2918 nsque
584 2845 686 2898 uaeas
709 2855 777 2898 sese
802 2836 993 2914 ingurgitent.
1026 2835 1129 2898 Pisaea
1146 2831 1263 2916 quidem
1348 2882 1351 2888 .
1451 2919 1452 2926 ἵ

51 2923 78 2983 iu
92 2921 322 3005 quadragesima
340 2923 543 3000 aanoodimns,
560 2943 618 2984 nou
635 2931 731 2985 tarnem
748 2925 785 2985 ad
802 2923 969 3010 incendium
987 2921 1138 2996 luxuriae,
1156 2923 1210 2982 sed
1227 2923 1263 2982 ad

51 3011 182 3072 solatium
200 3009 356 3071 esurientis
374 3010 539 3088 stomaebip
551 3009 620 3091 quia
636 3019 664 3071 et
680 3010 715 3083 is,
725 3009 774 3090 qui
790 3011 959 3072 uuaruibus
975 3009 1109 3086 arbetiaet,
1122 3010 1215 3068 etiam¹
1226 3009 1263 3068 ab

51 3117 82 3158 eo
98 3097 250 3160 abstisere
267 3099 456 3178 debet,quod
472 3117 491 3184 a
509 3115 597 3159 aarue
614 3096 757 3176 originem
774 3097 872 3176 babet,
889 3117 915 3156 r.
926 3117 958 3175 g.
976 3115 994 3157 a
1011 3095 1102 3172 laute,
1120 3113 1138 3154 a
1158 3094 1264 3172 oasaia,

52 3188 84 3246 ab
100 3184 182 3260 uria3
207 3180 262 3245 neu
277 3205 364 3265 porro
382 3184 414 3244 iu
430 3183 544 3246 belluas
566 3183 695 3246 marinas
720 3193 833 3245 sumtus
857 3181 966 3264 aliquis
988 3181 1080 3244 faeiat
1112 3191 1140 3244 et
1166 3181 1264 3244 vinum

51 3271 88 3333 ita
103 3273 220 3333 modion
238 3271 327 3349 bibat,
343 3291 382 3332 ne
397 3271 571 3334 inebrietur.
600 3271 682 3332 llaec
699 3269 864 3349 Gregorius
879 3271 924 3332 M.
933 3317 950 3346 „
959 3289 1032 3350 quae
1048 3284 1103 3330 aee
1120 3267 1265 3330 Pontifinii

52 3360 135 3421 bodie
151 3357 250 3420 omnia
266 3353 440 3436 observant,
456 3361 534 3438 quod
551 3359 628 3438 apud
645 3357 884 3438 ipsosliqnidum
908 3375 968 3416 noa
986 3358 1096 3435 irarugit
1110 3356 1266 3436 jejnuinm'.

54 3479 90 3494 -
108 3445 135 3527 b.
152 3449 183 3508 5.
200 3447 286 3526 apua
302 3455 416 3507 remees
433 3445 616 3508 Christianos
633 3444 722 3509 moria
739 3453 819 3518 erat,
837 3453 870 3504 ut
885 3445 922 3504 ab
939 3441 1074 3502 omnibus
1092 3441 1168 3502 cibis
1186 3439 1265 3502 deli-

54 3533 131 3610 eafis,
149 3532 259 3614 quibus
274 3533 418 3597 Venerem
435 3531 557 3594 sanitari
574 3552 662 3612 posse
679 3531 845 3606 eredebant,
863 3529 1052 3604 abstinerent,
1070 3537 1098 3588 et
1115 3545 1180 3587 unm
1197 3547 1266 3588 rar·-

55 3640 113 3680 uem
130 3619 330 3682 earno‘ioveri
347 3629 490 3700 putarent,
507 3627 605 3681 natum
623 3619 692 3680 iade
704 3626 749 3679 est
759 3623 855 3678 nuruis
872 3623 1001 3697 priniana,
1016 3615 1037 3677 i.
1051 3635 1078 3677 e.
1090 3613 1268 3678 abstinentia

56 3707 148 3769 arola
163 3721 264 3770 earne.
295 3706 555 3784 Prudentius,
572 3713 656 3788 poeta
673 3703 851 3767 ubristiauus
868 3704 949 3766 eirca
965 3701 1071 3764 ailbe.
1082 3700 1167 3780 300,
1184 3702 1267 3766 eibos

55 3805 179 3856 ratarum
192 3815 248 3875 per
259 3795 402 3874 quadrag.
413 3794 544 3855 nominat
553 3795 640 3870 oleru,
651 3797 770 3873 obliquus
782 3801 808 3852 et
818 3794 966 3870 tepumiuu.
977 3789 1267 3866 Bnrelr'ardus,Wor-

55 3883 156 3944 matiae
170 3883 349 3962 episeopus,
373 3881 432 3962 qui·
447 3901 475 3943 a.
492 3880 561 3945 Cirr.
580 3879 674 3943 1010.
698 3877 791 3942 libros
809 3877 913 3959 viginti
937 3881 1117 3939 decretorum
1140 3875 1267 3957 collegit,

55 3989 87 4030 ex
102 3969 211 4050 priscis
230 3969 392 4030 maurinus
405 3967 546 4044 ostendit,
557 3974 592 4044 ei,
604 3975 651 4048 qui
665 3989 715 4048 per
729 3968 894 4048 monituque.
911 3985 1008 4028 uuraea
1026 3966 1192 4039 comedisset,
1208 3968 1267 4026 leno

55 4063 234 4136 poeaiuntiao
257 4062 417 4136 impositam
440 4057 546 4132 fuisse,
572 4063 603 4115 at
624 4073 674 4134 por
689 4065 775 4116 totum
799 4057 904 4115 nanum
928 4074 949 4113 n
963 4055 1093 4116 aurailus
1110 4055 1268 4114 abstineret.

57 4141 91 4204 llt
103 4143 261 4205 Baronius·
271 4145 307 4204 ad
326 4162 353 4204 a.
372 4141 446 4204 (ilar.
462 4141 555 4204 1018.
571 4144 724 4216 observat,
737 4142 818 4222 apud
834 4137 992 4200 nonnullos
1010 4142 1099 4202 muris
1115 4139 1218 4213 inissa,
1235 4146 1269 4199 ut

58 4231 221 4293 mandenti·
230 4247 336 4292 earnes
351 4230 382 4291 ia
394 4227 621 4311 quadragesima
636 4231 737 4290 dentes
753 4236 969 4290 excuterentur.
979 4261 1018 4274 -·
1031 4226 1059 4310 §.
1070 4228 1101 4290 0.·
1111 4227 1269 4287 Praeterea

58 4327 164 4380 uaros
178 4317 295 4398 jejunia
311 4325 448 4391 anaante
462 4334 559 4378 nerana
576 4331 726 4396 uesperam
743 4315 858 4384 abluere
875 4335 933 4376 non
949 4311 1093 4388 solebant,
1111 4321 1185 4373 teste
1202 4313 1267 4372 Au-

59 4397 290 4480 gustinoinlib.
304 4406 341 4465 de
354 4403 489 4476 *monibus
505 4400 666 4479 ecelesiam
690 4404 767 4484 quod
784 4411 813 4464 et
835 4401 1046 4476 Paulinus,
1068 4397 1165 4460 Nolae
1187 4396 1268 4475 epis-

59 4507 154 4573 eopus,
169 4492 201 4555 in
215 4488 346 4555 natalem
360 4490 473 4554 Falinis
489 4491 533 4554 ita
551 4489 717 4553 oanirmat:
