2916 4904
223 679 241 708 ‘
310 669 317 690 “
608 635 704 769 ιιι.1

45 942 148 1032 Car.
169 939 297 1030 uun.
317 933 709 1030 Leb.r.-Frauke
736 939 793 1027 de
822 937 910 1028 diei
930 919 1130 1033 ambici
1147 937 1260 1052 aput

221 1091 388 1164 veteres
409 1074 680 1196 Christianos
710 1074 995 1176 celebratione
1023 1075 1076 1192 *).

120 1278 342 1345 Praefatio.
388 1279 485 1358 Quum
500 1279 650 1364 quaesiui
676 1279 752 1344 docti
768 1279 836 1342 inde
852 1300 871 1357 a
887 1277 989 1344 seculo
1009 1279 1122 1356 decimo
1139 1281 1262 1364 septimo

47 1373 76 1432 ad
98 1381 232 1435 nostram
255 1389 350 1450 usque
373 1376 497 1442 aetatem
523 1371 558 1432 de
583 1363 672 1430 sestis*
692 1367 923 1430 Christianorum
950 1367 1054 1430 diebus
1078 1366 1263 1441 commentati

47 1471 112 1535 sont,
131 1455 303 1528 accuratius
319 1456 535 1534 examinarem,
554 1477 694 1518 summam
711 1453 827 1516 illorum
852 1453 1022 1518 industriam
1046 1466 1133 1537 atque
1150 1455 1262 1537 ingenii

46 1567 174 1622 acumen,
186 1561 242 1609 tam
259 1543 290 1604 in
306 1543 481 1624 colligendis
494 1555 522 1606 ct
534 1544 724 1624 disponendis
739 1564 825 1626 quarn
838 1542 867 1604 iu
878 1544 1098 1624 perscrutandis
1110 1544 1156 1608 his
1173 1547 1263 1616 rebus

46 1638 205 1716 probatam,
224 1653 280 1692 uon
298 1631 378 1712 potui
391 1652 452 1704 ¹uon
472 1629 620 1693 admirari.
652 1632 726 1700 Natu
745 1651 820 1714 quae
836 1651 889 1712 per
905 1637 947 1700 tot
962 1641 1116 1714 tantosque
1134 1633 1262 1716 scripto-

45 1744 101 1782 rum
127 1719 303 1800 antiquioris
327 1718 392 1780 aeri
416 1719 641 1786 christianorum
665 1717 757 1785 libros
785 1717 919 1798 dispersa
945 1718 1132 1800 reperiuntur
1155 1721 1190 1784 de
1214 1721 1262 1788 his

45 1813 129 1871 robus
146 1807 323 1881 testimonia,
343 1827 378 1867 ea
395 1805 457 1868 iere
474 1807 571 1870 ornnia
589 1817 782 1885 congerentes
800 1805 953 1885 originem,
972 1827 1171 1888 progressum,
1188 1805 1262 1886 ritus

45 1909 69 1958 et
84 1895 260 1958 cerimonias
276 1894 417 1957 festorum
434 1896 511 1974 apud
530 1892 714 1959 Christianos
733 1893 843 1955 dierum
867 1891 941 1954 satis
958 1893 1113 1976 perspicue
1131 1895 1264 1983 explica-

46 1993 155 2048 verunt.
193 1983 287 2060 ·Quos
312 1981 388 2042 inter
409 1981 487 2042 viros
511 2002 580 2062 prae
608 1981 713 2045 ceteris
738 1979 876 2050 laudandi
899 1989 969 2048 suut
992 1981 1263 2062 Biughamius,

46 2073 192 2154 hujusque
210 2068 344 2149 uestigiis
363 2067 410 2150 qui
429 2080 526 2140 nostru
545 2079 671 2150 tempore
689 2069 844 2150 ingressus
864 2079 917 2143 est,
934 2067 1169 2149 Augustius.
1270 2080 1276 2090 '

130 2161 264 2229 Attamen
281 2177 418 2235 onagrum
437 2177 502 2218 omn
528 2159 654 2221 habeant
678 2159 797 2220 haeres
822 2155 961 2221 anthitom
985 2176 1166 2239 magnasque
1183 2157 1271 2230 dish.

51 2246 188 2322 cultates,
214 2244 262 2305 rix
281 2241 366 2312 aliter
382 2243 443 2304 tisri
461 2244 570 2326 potuit,
590 2265 675 2326 quani
688 2255 725 2310 ,ut
742 2243 795 2306 viri
822 2243 864 2309 illi
890 2243 1070 2305 celeberrimi
1088 2243 1230 2309 interdum
1246 2269 1265 2310 a

49 2355 114 2396 roro
130 2331 278 2413 paulisper
288 2333 457 2396 aberrare-nt
469 2342 496 2392 et
513 2331 649 2412 singulas
662 2341 857 2412 proponerent
870 2330 1042 2410 sententias,
1059 2351 1122 2392 curu
1137 2345 1264 2398 veterum

53 2423 87 2480 de
102 2420 147 2488 bis
160 2419 250 2480 rebus
269 2418 443 2496 tustirrroniis
462 2419 558 2480 nrinus
575 2415 783 2497 congruentes.
817 2418 906 2494 Quod
925 2415 1101 2496 praesertim
1119 2416 1157 2476 iis
1183 2419 1265 2484 acci-

53 2507 131 2568 disse
146 2527 259 2582 censeo,
270 2507 325 2568 -ubi
344 2509 380 2567 dc
397 2506 454 2567 diei
471 2505 607 2566 dominici
632 2507 709 2584 apud
729 2511 840 2565 veteres
857 2502 1051 2568 Christianos·
1067 2499 1283 2584 celebratione,
1345 2503 1348 2514 '

53 2598 141 2676 deque
164 2605 294 2675 tempore
321 2594 488 2670 disserunt,¹
520 2613 577 2674 quo
602 2591 680 2653 festa
705 2589 794 2672 hujus
817 2589 875 2651 diei
901 2589 1067 2651 observatio
1091 2601 1193 2664 exorta
1217 2593 1265 2672 sit.

53 2683 179 2764 Namque
197 2681 458 2760 Ringbaurius
485 2699 639 2765 magnum,
669 2699 726 2759 quo
744 2680 855 2760 gaudet
872 2677 918 2740 bie
935 2678 998 2740 dies
1018 2677 1051 2740 'in
1072 2679 1136 2763 ejus
1161 2681 1265 2763 patria,

53 2767 186 2838 honorem
206 2767 273 2840 inibi
290 2768 405 2829 videtur
419 2766 464 2830 vel
481 2767 676 2850 iodeaugcre
694 2765 835 2842 v‘olnissc,
847 2768 925 2847 quod
941 2765 1022 2838 illius
1040 2765 1267 2850 celebrationem

55 2863 85 2919 ab
102 2857 177 2938 ipsis
195 2876 290 2918 rerum
308 2854 534 2921 christianarum
550 2853 716 2936 primordiis
735 2865 887 2933 repeteret,
899 2853 955 2934 ⁴qui
975 2874 1045 2914 vern
1062 2850 1091 2912 in
1110 2853 1269 2922 Germania

54 2957 196 3026 postcom
214 2941 269 3004 hac
287 2946 322 3004 dc
340 2943 589 3023 rescripserunt,
607 2943 672 3024 ejus
690 2941 855 3012 auctoritati
877 2938 997 3002 nimium
1014 2939 1163 3005 tribuisse.
1196 2943 1268 3014 lude

55 3032 169 3093 lorsitan
189 3029 297 3091 iactum
316 3038 412 3104 estut
428 3029 503 3090 inter
519 3029 697 3090 recentiores
715 3048 809 3102 nenio,
821 3029 964 3109 'quantun
983 3027 1057 3105 scio,
1070 3048 1145 3108 quos
1160 3025 1211 3092 tlte
1229 3052 1268 3098 ex

54 3120 193 3200 scriptura
210 3136 295 3180 saera
312 3127 340 3179 et
357 3105 549 3197 scriptoribus
568 3113 778 3184 ecclesiasticis
793 3117 829 3177 ad
847 3115 1019 3198 sententiam
1036 3135 1119 3178 suam
1136 3119 1267 3200 probau-

56 3209 113 3268 dam
131 3204 269 3276 attulerat
285 3203 374 3276 loros,
393 3205 489 3264 denuo
507 3203 665 3285 etquidem
685 3203 852 3266 accuratius
868 3203 1087 3266 examinaverit.

135 3293 238 3372 ltaque
254 3313 314 3352 reru
339 3293 415 3352 baud
434 3291 522 3372 plane
545 3291 722 3370 superfluam
747 3311 791 3350 me
817 3310 993 3369 aggressum
1012 3311 1078 3353 esse
1095 3289 1269 3368 existimari,

57 3381 78 3441 si
94 3381 124 3441 iu
139 3378 209 3440 illos
227 3379 318 3450 locos,
331 3379 379 3460 qui
398 3380 433 3439 dc
452 3378 499 3440 die
514 3376 660 3438 dominico
676 3386 727 3437 aut
743 3376 840 3438 multis
855 3377 927 3437 viris
946 3378 1039 3439 doctis
1055 3377 1152 3452 dicere
1164 3375 1269 3440 riden-

57 3479 98 3530 tur
113 3477 164 3532 aut
180 3487 283 3528 revera
299 3467 456 3542 disserunt,
474 3486 508 3526 eo
526 3464 648 3527 consilio
664 3463 769 3532 iterum
786 3463 972 3544 inquirerem,
990 3473 1036 3537 ut,
1056 3465 1284 3544 praetermissis·
1305 3489 1313 3498 =

56 3555 87 3615 iis
100 3553 144 3615 rel
162 3555 255 3616 obiter
271 3565 379 3638 tamum
390 3553 569 3629 observatis,
585 3573 659 3634 quae
676 3553 712 3614 de
729 3549 809 3624 culto
826 3549 922 3615 divino
940 3549 1024 3622 lestis
1037 3547 1270 3630 Christianorum

57 3643 154 3704 diebus
170 3642 303 3705 instituto
320 3643 358 3721 ab
375 3640 442 3704 aliis
458 3639 525 3702 tue
543 3642 670 3702 etsdocte
687 3648 821 3701 enarrata
837 3649 922 3711 sunt,
947 3639 1063 3720 quando
1080 3648 1109 3698 et
1126 3643 1271 3718 quomodo

56 3729 107 3790 diei
126 3730 262 3806 dominici
282 3728 446 3791 observatio
465 3729 541 3810 apud
558 3738 673 3788 veteres
690 3725 874 3788 Christianos
891 3726 1034 3804 originem
1055 3745 1139 3788 snam
1155 3734 1184 3787 st
1200 3749 1272 3808 pro·

56 3836 188 3896 gressum
206 3817 351 3894 habuerit,
365 3826 507 3899 ¹quantuor
525 3813 554 3886 io
572 3833 605 3876 re
620 3834 761 3898 perquam
773 3815 909 3896 ¹obseura
924 3811 986 3876 fieri
1012 3809 1128 3894 posset,
1147 3810 1272 3882 demon-

55 3916 182 3972 strarem.
521 3919 523 3925 ’

26 3991 35 4014 ‘
137 3993 221 4054 Haec
239 4011 334 4073 panea
352 3989 511 4070 praefanda
529 3997 628 4066 erant,
652 3999 685 4050 ot
701 3989 826 4052 lectores
844 3995 1021 4068 compertam
1038 3985 1182 4051 habereut
1199 4010 1272 4054 con-

56 4077 112 4140 silii
130 4080 223 4142 oostri
236 4081 269 4148 ,iu
287 4078 501 4140 conscribenda
517 4075 573 4138 hac
593 4077 833 4141 commentatione
849 4075 1001 4139 rationem.

140 4184 268 4264 Caput
292 4183 315 4246 l.
370 4181 525 4250 Christi
554 4191 589 4244 ot
613 4182 893 4262 Apostolorum
920 4183 963 4242 ds
988 4179 1129 4250 diebus
1152 4179 1274 4244 iestis

57 4272 259 4360 judicium.
303 4269 364 4348 Qui
386 4269 479 4332 libero
502 4271 539 4338 de
553 4267 716 4333 eccclesiae
734 4267 911 4332 christianae
940 4267 1106 4349 primordiis
1124 4286 1275 4334 commetr-

120 4457 245 4530 ·)rmr.
265 4457 424 4516 narsum.
445 4441 512 4514 s‘
691 4521 694 4528 ,

103 4551 165 4596 rum
176 4551 426 4606 ammoniacus
933 4593 937 4600 .
1052 4537 1115 4620 b·
