2962 4898
451 817 498 906 Ἰ
587 777 1144 968 ”’.·Χιιιί. ’

241 1090 356 1224 Eoo.
377 1082 523 1270 Eril.
538 1071 943 1254 Werusttorttte
963 1125 1165 1240 paschate
1185 1073 1389 1242 annotino
1404 1121 1463 1241 f).

245 1349 252 1362 '
288 1341 489 1424 ¹'l'asoba
522 1345 756 1414 annotinum
786 1357 857 1422 orat,
884 1366 951 1428 quo,
982 1344 1030 1428 qui
1059 1342 1205 1429 superiori
1238 1339 1464 1424 pasobate-loa·

243 1427 342 1528 ptizati
367 1437 498 1514 luerent,
521 1439 696 1500 circumnoto
719 1455 811 1507 anno,
839 1433 977 1514 baptismi
998 1430 1045 1494 sui
1069 1435 1143 1496 client
1165 1429 1317 1514 religiosis
1340 1443 1371 1496 et
1394 1433 1463 1496 sol-

244 1527 381 1590 leuoibus
406 1525 597 1604 oenemoniis,
630 1532 660 1586 ut
690 1521 904 1595 oblationibus,
924 1521 1062 1602 poenibus
1086 1517 1295 1602 ceterisquoio
1318 1519 1464 1601 paschati

244 1615 401 1680 festivitate
424 1611 500 1684 alias
522 1611 637 1680 usitatis
661 1610 774 1685 ritibus,
798 1621 827 1669 ot
847 1603 1044 1699 praecipuum,
1067 1605 1107 1684 ita
1130 1607 1255 1678 manime
1277 1607 1386 1676 lentum
1412 1619 1465 1670 at-

245 1725 302 1787 que
325 1725 441 1766 stttttutn
459 1701 636 1764 balmenuut.
681 1697 809 1762 Vocatur
827 1695 856 1756 bt
881 1697 990 1778 paseha
1014 1697 1109 1776 etiam¹
1123 1691 1342 1776 annotatiuum}
1377 1699 1464 1777 qtnoel

245 1793 365 1856 verbum
384 1789 545 1872 posteriore
561 1799 665 1860 uetante,
686 1785 715 1848 io
735 1786 829 1846 looum
846 1785 976 1846 annotini
993 1777 1204 1862 ειιιιιιιιιιιιιιίι,Χ
1223 1783 1337 1845 videtur
1363 1805 1465 1844 ustor-

246 1880 308 1962 pani
327 1879 479 1958 coepisse:
498 1877 538 1938 ita
553 1887 621 1938 uta
643 1873 889 1953 Dunaudo**),
905 1873 954 1954 qui
971 1872 1097 1934 tortasse
1113 1871 1186 1950 boo,
1206 1893 1291 1956 quam
1310 1871 1385 1932 ittoo
1411 1871 1465 1933 al-

246 1979 349 2043 terum,
365 1963 581 2044 significantius
598 1981 665 2024 esso
682 1960 882 2036 existimabat,
901 1959 1031 2021 adbiberi
1058 1959 1193 2041 potnerit.
1232 1959 1305 2022 Nam
1333 1959 1465 2024 annoti·

246 2075 315 2116 nom
332 2055 442 2134 paseha
466 2051 537 2112 nihil
565 2047 665 2123 aliotl‚·
697 2047 753 2108 uisi
772 2047 1003 2109 anniversarium
1020 2046 1169 2127 paschatis
1185 2046 1278 2119 diem,
1303 2049 1382 2128 qnod
1418 2058 1467 2110 est

246 2139 428 2224 generalius,
446 2138 600 2215 designat:
627 2142 818 2198 oonotottoonn
840 2135 1096 2216 tanquamiodioio
1121 2133 1205 2196 uobis
1221 2133 1332 2216 aliquo,
1368 2135 1466 2198 etiam

245 2227 341 2310 ipsam
359 2225 441 2288 illius
461 2226 601 2306 nationem
628 2225 815 2285 demonstrat.
856 2221 1032 2302 intelligitur
1056 2221 1148 2298 enim,
1182 2221 1230 2304 qoi
1263 2220 1466 2286 christianam

247 2314 407 2378 doctrinam
438 2311 563 2395 amplexi
587 2310 763 2393 sunt‚'quo
796 2308 879 2390 primi
904 2311 1060 2392 pasobatos
1085 2309 1132 2372 die
1157 2307 1334 2390 bttptismum
1367 2331 1466 2374 acoe-

247 2403 352 2486 penint,
370 2423 434 2466 eum
451 2401 526 2464 diem
543 2398 628 2482 qnasi
646 2397 981 2483 annotatumbabuisse3
997 2410 1030 2459 ut
1045 2397 1268 2480 insequentibus
1284 2396 1466 2462 anuiseuo-

248 2493 311 2554 tlom
330 2490 416 2566 diem,
440 2491 621 2570 agendarum
644 2485 707 2548 Deo
726 2481 776 2566 pro
799 2485 868 2547 tanti
886 2480 1018 2548 benefitii
1042 2497 1186 2548 concessu
1202 2495 1230 2546 ot
1245 2505 1366 2548 mumma
1385 2507 1467 2566 gna-

247 2578 351 2640 tianum
371 2599 471 2648 nausa,
487 2573 612 2638 sollemni
630 2585 658 2634 et
674 2583 749 2634 stato
766 2571 844 2633 ooltu
865 2572 1055 2634 celebrarent.
1084 2573 1142 2650 Qui
1167 2572 1246 2648 dies,
1273 2571 1327 2634 etsi
1347 2593 1467 2656 saepe-

247 2685 368 2726 numero
393 2663 423 2724 iu
447 2661 536 2738 aliud,
560 2681 646 2741 quam
665 2659 821 2740 paschatos
844 2667 967 2740 tempus,
984 2671 1101 2740 propter
1119 2660 1209 2740 bujus
1234 2659 1411 2722 varietatem
1437 2673 1468 2726 et

247 2750 433 2824 mutationes,
451 2749 517 2828 ipse
534 2761 631 2810 centus
648 2759 675 2808 et
692 2746 722 2808 in
741 2759 909 2828 perpetuum
927 2749 1137 2828 quodammodo
1153 2746 1240 2825 fixus,
1257 2746 1377 2809 inuidit:
1414 2751 1467 2811 ui-

246 2837 407 2899 hilominus
426 2838 535 2918 paseha
551 2841 657 2908 tamen,
673 2836 774 2896 eodem
792 2856 906 2916 semper
922 2835 1073 2908 vocabulo,
1089 2835 1230 2898 nominari
1247 2833 1376 2898 solebat.
1408 2839 1467 2900 At-

248 2947 306 3008 quo
323 2925 351 2986 it
373 2945 430 2986 uno
449 2946 482 2988 eo
499 2934 608 2986 tautum
625 2922 734 2984 finctum
750 2935 804 2997 est,
821 2923 897 3004 quod
913 2931 946 2984 ut
967 2924 1074 2988 Dura
1085 2943 1101 2982 n
1112 2925 1129 2982 d
1141 2923 1251 3000 es’**)
1279 2923 1467 3003 observavit,

249 3013 406 3096 quemlibet
423 3009 510 3094 paulo
528 3011 623 3087 magis
639 3009 745 3072 lestum
763 3011 837 3072 diem
854 3009 964 3092 paseha
980 3009 1124 3087 dixerunt,
1141 3010 1172 3072 id
1188 3013 1263 3092 quod
1281 3011 1313 3072 in
1329 3011 1467 3094 quibus-

248 3104 313 3162 dam
332 3099 489 3181 provinciis
506 3097 569 3160 tieni
586 3096 703 3160 solitum
721 3108 845 3176 onustat,
869 3101 920 3161 setl
939 3097 1035 3174 etiam,
1054 3119 1090 3162 ao
1107 3098 1195 3160 multo
1212 3100 1316 3178 magis,
1335 3100 1411 3181 quia
1430 3125 1466 3164 eo

249 3185 296 3250 die
314 3186 441 3248 officium
459 3186 544 3263 idem,
563 3185 637 3268 quod
656 3184 687 3246 iu
705 3182 797 3248 altero
815 3185 879 3266 ipso
897 3185 1046 3267 paschate,
1063 3183 1286 3261 celebrabatur,
1321 3199 1467 3267 praeter·

248 3295 334 3356 quam
351 3275 438 3355 qood,
456 3273 482 3337 oi
499 3272 561 3336 dies
580 3273 611 3336 in
621 3271 876 3356 quadragesimam
891 3273 1050 3351 incidisset,
1069 3295 1104 3336 eo
1122 3295 1197 3336 auno
1215 3271 1370 3356 Halleluja
1388 3298 1467 3340 cau·

248 3372 337 3428 tatum
355 3382 414 3422 nou
431 3371 485 3424 est.

335 3449 486 3530 Originum
514 3449 603 3533 bajus
629 3447 796 3514 festivitatis
821 3451 1005 3532 repetendam
1029 3449 1291 3532 Durautl'os†)
1308 3449 1468 3516 existimat

251 3595 504 3617 m—

318 3690 347 3744 *l
369 3689 477 3754 Protin,
498 3687 572 3742 Uola.
590 3687 677 3742 l’itab.
697 3703 783 3758 progr.
803 3689 935 3756 paschale,
954 3687 1042 3742 Viteb.
1064 3692 1139 3742 1760.
1157 3687 1183 3742 t.

318 3758 367 3826 ll)
388 3758 491 3811 lintion.
512 3759 565 3810 din.
585 3758 654 3810 olto.
673 3765 699 3823 7,
723 3767 746 3810 t.
766 3773 790 3811 n.
809 3761 853 3810 37.
879 3757 1038 3811 Vonabnlum
1056 3759 1204 3812 annotinum
1225 3773 1325 3829 quoque
1344 3777 1387 3828 gn.
1402 3762 1467 3817 mt-

248 3841 333 3889 τιιον,
354 3827 535 3891 ἐνιαυσιαῖον,
556 3824 707 3893 περυσινὸν
726 3826 752 3877 iu
772 3827 868 3890 glossa
887 3827 1012 3880 redditum

317 3895 380 3954 m}
399 3897 418 3948 l.
438 3897 454 3948 l.
475 3914 500 3948 tt.
522 3899 564 3950 25.
601 3901 632 3946 In
650 3895 801 3964 quibusdam
819 3897 881 3946 lonis
898 3897 1028 3964 quodlibet
1045 3911 1169 3962 magnaeano
1185 3895 1281 3963 festam
1295 3900 1405 3965 patebo
1421 3917 1467 3954 tto·

248 3972 333 4022 natum
354 3965 583 4033 poeniteamus,
603 3965 666 4034 puto
683 3963 801 4014 devitiis
821 3965 858 4013 od
875 3965 984 4016 virtutes
1001 3967 1114 4016 transire
1132 3968 1258 4022 detentae.
1296 3968 1380 4020 llodie
1405 3971 1466 4024 ttott

249 4033 333 4084 atheo
351 4048 438 4084 omaao
457 4033 568 4098 majoros
587 4032 743 4085 testivitates
763 4033 901 4100 paschatos
919 4035 1048 4086 vocabulo
1068 4035 1192 4100 insignito
1211 4035 1305 4098 solent,
1329 4045 1357 4088 et
1372 4049 1465 4106 pento-

248 4108 338 4153 ooaten
362 4102 463 4164 poneba
484 4103 582 4151 moda
607 4101 747 4168 appellant.
784 4099 901 4154 Pontioet
922 4103 971 4155 buo
990 4105 1063 4156 loono
1083 4105 1149 4170 apud
1169 4103 1325 4156 ottonom
1348 4105 1466 4160 llore-

249 4183 321 4220 aam
349 4169 411 4224 biat-
430 4185 483 4222 ren.
503 4169 633 4222 Laudans.
654 4179 679 4236 p.
699 4171 742 4224 54.
780 4172 898 4236 Quodam
916 4173 974 4227 me.
992 4174 1021 4222 in
1037 4190 1090 4241 poa
1108 4172 1162 4238 fuit
1178 4173 1280 4237 poenita
1301 4175 1467 4240 epiphaniae

247 4253 340 4288 neum
361 4239 508 4290 Crimenoeo.
534 4237 654 4292 Ceterum
674 4238 706 4288 ad
725 4240 863 4306 paschatos
880 4241 1034 4293 vocabulum
1054 4243 1121 4310 quot
1139 4243 1234 4299 attinet
1251 4245 1381 4312 stupenda
1404 4247 1465 4298 Bo·

248 4305 367 4356 ellarii
395 4305 528 4356 Hietoz.
556 4323 582 4374 p.
612 4307 633 4358 l.
658 4321 683 4374 p·
712 4309 772 4361 555.
793 4307 917 4360 Drusii
937 4319 1063 4360 comment.
1083 4313 1187 4365 advoc.
1208 4313 1242 4365 N.
1266 4317 1295 4366 Τ.
1315 4328 1343 4366 v.
1363 4316 1465 4386 pascito

136 4397 140 4412 ι
249 4373 428 4428 llioteoioi
447 4373 548 4441 nunqu.
568 4377 629 4429 bibl.
649 4375 680 4426 att
700 4374 749 4426 lix.
770 4380 814 4429 2³.
834 4378 1032 4431 inlustriorem
1051 4395 1149 4432 omnem
1167 4381 1297 4434 exhausit.

315 4443 351 4514 †)
373 4441 556 4496 Duuaotloa
580 4444 599 4496 t.
621 4443 641 4498 l.
667 4459 693 4497 u.
718 4447 763 4502 37.
789 4447 891 4500 emta
908 4449 1057 4502 annonam
1073 4459 1198 4518 νοννινν,
1232 4451 1339 4522 quanm
1364 4453 1466 4526 aliponto
