2968 4900
815 673 891 763 VI.

240 917 352 1010 doh.
378 846 606 1006 Godofr.
629 915 844 1048 Kbruer
874 905 1458 1055 dedieuataliSertatoris').

327 1120 515 1187 Serratorem
526 1119 676 1202 optimum,
688 1125 729 1181 tot
740 1116 848 1182 divinis
858 1115 987 1179 oruculis
996 1116 1183 1200 promissum,
1196 1123 1237 1178 tot
1253 1114 1371 1198 piorum
1387 1115 1457 1178 sotis
1470 1173 1471 1182 ,

240 1209 407 1290 expetitum,
419 1218 494 1271 stato
506 1217 634 1289 tempore
647 1205 763 1270 senisse
777 1226 842 1267 cum
854 1199 927 1266 nulli
939 1204 1114 1282 dubitemus,
1125 1202 1251 1266 maxima
1261 1214 1359 1267 tannen
1372 1203 1456 1264 dubi-

240 1297 309 1360 tatio
320 1308 441 1367 mentem
451 1307 584 1376 occupat,
595 1315 680 1376 quem
692 1313 761 1375 prae
772 1291 892 1374 reliquis
901 1312 1019 1369 anuum,
1036 1289 1257 1368 mensem,diem
1270 1291 1336 1373 ejus
1346 1291 1455 1353 adven·

240 1383 281 1445 tui
290 1384 445 1466 assignare
456 1384 627 1446 debeamus.
646 1381 712 1460 Quo
722 1380 823 1462 majori
835 1378 1317 1443 euimintervallnnostraaetasab
1327 1399 1364 1440 ea
1374 1379 1456 1442 distat
1471 1399 1472 1410 ¹

238 1479 343 1551 aetate,
354 1489 410 1554 qua
421 1469 588 1552 praesentia
603 1489 658 1532 sua
673 1468 785 1531 animus
800 1484 899 1530 eornm
910 1465 1150 1548 exhilarariqqui
1160 1465 1377 1528 ardentissimis
1396 1466 1454 1528 eins

238 1559 392 1620 adrentum
412 1555 777 1638 eitlagitarnmpreeibus:
796 1575 831 1617 eo
849 1553 1020 1616 incertiores
1037 1573 1151 1630 snmus,
1162 1553 1192 1615 in
1204 1554 1454 1634 temporeadren·
1472 1552 1473 1622 l

238 1653 285 1706 tns
297 1643 470 1723 deliniendo,
487 1664 552 1708 cum
570 1665 624 1706 aec
640 1663 743 1706 sacrae
761 1641 863 1704 literae
881 1651 1054 1720 argumenta
1069 1639 1154 1704 nobis
1179 1639 1370 1722 suppeditent
1385 1642 1453 1704 satis

238 1730 385 1794 euidentia
402 1754 457 1795 uec
474 1731 639 1794 testimonia
656 1741 755 1794 extent
772 1750 882 1806 eornm,
901 1749 1024 1810 qnorum
1040 1727 1199 1790 auctoritas
1211 1738 1320 1796 tautum
1334 1726 1452 1804 valeret,

237 1825 270 1880 ut
285 1818 362 1880 omni
381 1841 419 1898 ex
435 1819 531 1881 animo
548 1817 649 1881 evulso
665 1815 803 1898 scrupulo
820 1819 855 1878 de
868 1815 954 1896 plena
968 1815 1088 1896 gloriari
1101 1815 1248 1896 possimus
1261 1814 1452 1881 convictione.
1473 1844 1474 1920 q

237 1904 429 1976 celebramus
444 1906 542 1988 itaquo
559 1905 645 1982 diem,
669 1925 754 1985 quem
783 1903 909 1965 natalanr
929 1901 1040 1966 Christi
1055 1901 1150 1965 inisse
1173 1923 1356 1981 asseverare,
1374 1901 1452 1966 tiemo
1473 1941 1474 1964 ι

236 1992 423 2055 fundamento
435 1991 574 2070 destituti,
591 2013 649 2056 nou
662 1993 814 2053 autemus.
838 1989 975 2052 Proiecto
990 1989 1017 2050 si
1035 1988 1103 2052 iude
1120 2010 1138 2052 a
1154 1988 1256 2070 primis
1273 1991 1451 2072 temporibus

236 2077 350 2140 solenni
381 2078 440 2141 ritu
463 2099 549 2142 sacra
576 2077 742 2143 Sersatoris
771 2076 904 2140 natalitia
926 2077 955 2138 in
984 2085 1070 2139 coetu
1095 2075 1327 2140 Christianorum
1354 2077 1452 2141 habita

234 2163 372 2243 inissent,
399 2165 431 2245 ii,
448 2166 556 2248 quibus
574 2167 671 2228 datum
690 2175 751 2227 erat
769 2185 869 2228 omues
886 2164 1024 2246 temporis
1040 2154 1235 2244 περιστάσεις
1252 2163 1389 2245 diligenti
1405 2165 1451 2227 in·

235 2251 391 2332 quisitione
414 2253 470 2314 sibi
496 2253 630 2335 cognitas
655 2253 787 2328 reddere,
814 2254 850 2314 de
870 2252 925 2322 ,die
952 2249 1110 2314 nativitatis
1138 2249 1193 2331 ipsi
1224 2251 1331 2332 optime
1347 2253 1451 2331 edocti,

233 2337 309 2401 alios
326 2360 442 2422 qnoque
459 2352 539 2404 certa
557 2339 725 2422 cognitione
741 2338 919 2402 imbuissent
936 2341 1013 2402 etad
1028 2358 1124 2400 seram
1135 2357 1228 2419 usque
1241 2338 1450 2419 posteritatem,

234 2426 389 2490 traditione
406 2425 485 2489 baud
501 2427 599 2504 dubia,
615 2446 713 2491 veram
732 2428 767 2488 de
781 2427 830 2490 'die
848 2423 937 2489 nauli
955 2425 1121 2488 Servatoris
1137 2423 1268 2488 notitiam
1285 2447 1450 2508 propagas·

233 2521 310 2576 sent.
343 2513 403 2576 Sed
421 2535 486 2576 cum
504 2512 739 2577 nattumbomm
756 2535 907 2576 sacrorum
925 2513 955 2574 in
976 2513 1077 2593 primis
1100 2510 1210 2574 seculis
1227 2513 1384 2592 vestigium
1401 2514 1450 2576 in·
1475 2547 1476 2596 ι

231 2598 376 2673 veniatur,
394 2610 421 2661 et
438 2601 569 2681 sequenti
586 2611 681 2662 aetate
697 2599 744 2676 iis,
762 2601 811 2680 qui
828 2599 915 2662 talem
933 2597 1044 2663 caelium
1061 2599 1254 2678 instituerunt,
1270 2601 1306 2660 de
1322 2598 1371 2662 di'e
1388 2621 1448 2662 neu

232 2683 403 2762 constiterit,
420 2706 485 2746 cnm
503 2685 552 2746 ulii
568 2686 658 2748 aliurn
677 2685 752 2747 diem
771 2685 800 2746 in
817 2685 875 2748 alio
887 2697 923 2749 'et
946 2685 1007 2747 alin
1025 2705 1125 2748 mense
1143 2683 1311 2764 divinarent,
1336 2687 1373 2748 ad
1392 2709 1448 2752 uos

232 2790 350 2850 quoque
366 2769 466 2833 variae
494 2769 647 2852 opiniones
669 2771 800 2850 perlatae
818 2772 1048 2835 dubitationibus
1072 2793 1133 2835 rem
1153 2774 1224 2836 adeo
1249 2771 1447 2856 implicarunt,

231 2863 263 2916 ut
285 2855 357 2918 certi
374 2856 443 2939 quid
462 2867 490 2920 et
506 2857 688 2920 determinati
706 2867 834 2920 statuere
851 2859 937 2921 nobis
953 2861 1031 2921 baud
1048 2859 1146 2922 liceat.

318 2943 447 3006 'fautum
469 2965 538 3008 vero
556 2943 737 3021 beneficium,
756 2948 834 3026 qued
857 2945 1036 3028 reliquorum
1052 2945 1180 3012 omnium
1196 2946 1305 3010 fontem
1320 2967 1446 3012 venera-

229 3051 303 3106 mur,
318 3051 378 3091 uon
394 3030 458 3092 eine
472 3052 584 3093 snrnma
600 3031 676 3110 grati
700 3031 796 3092 animi
819 3033 1021 3098 testificatione
1047 3033 1127 3095 cultu
1145 3033 1264 3114 publico
1290 3033 1445 3116 excipien-

229 3118 296 3176 dum
315 3136 380 3177 esse
397 3137 462 3177 eum
478 3116 554 3180 inter
570 3137 671 3180 ornnes
685 3117 854 3182 conveniret
867 3130 892 3182 et
906 3119 999 3183 dedic
1016 3118 1214 3200 consulerent,
1231 3142 1289 3204 quo
1306 3123 1445 3185 memoria

228 3200 287 3262 uati
307 3201 474 3264 Servatoris
492 3202 539 3285 pie
556 3203 708 3280 coleretur,
733 3227 916 3270 communem
938 3207 1002 3270 lere
1028 3208 1185 3271 adsensum
1210 3208 1336 3270 obtinuit
1359 3220 1444 3272 vetu-

228 3286 357 3350 stissima
374 3297 402 3351 et
419 3288 487 3352 olim
505 3293 621 3372 recepta
637 3291 752 3354 traditio
769 3291 846 3358 lllll.
864 3293 924 3357 kal.
938 3289 1002 3377 J‘an.
1017 3293 1080 3356 sire
1097 3294 1262 3356 decembris
1274 3295 1350 3358 diem
1362 3295 1444 3360 uice·

227 3372 332 3437 simum
350 3375 480 3458 quintum
499 3377 663 3442 Servatoris
688 3380 779 3444 nostri
803 3380 897 3444 luisse
923 3381 1059 3444 natalem.
1081 3380 1178 3445 Cuius
1203 3381 1365 3448 sententias
1389 3404 1446 3447 usu

228 3465 432 3544 comprobatae
450 3464 594 3544 originem
620 3477 648 3530 et
665 3466 866 3531 auctoritatem
883 3478 1056 3550 argumenta
1072 3490 1200 3552 queque,
1218 3491 1296 3552 quae
1312 3477 1374 3532 tum
1390 3491 1443 3552 pro

225 3547 278 3612 illa
292 3571 427 3632 pugnare
451 3551 593 3634 uidentur,
611 3563 670 3616 tum
687 3547 788 3618 contra
805 3575 867 3618 cam
886 3554 1010 3636 proferri
1029 3553 1136 3635 solent,
1161 3557 1288 3636 breuiter
1305 3577 1443 3620 enarrare

226 3639 304 3716 apud
322 3638 448 3704 animum
464 3637 681 3703 constituimus.
1078 3647 1082 3658 ’

311 3723 504 3788 Recentiores
520 3725 636 3807 quidem
658 3725 746 3789 buius
770 3725 931 3789 sententiae
955 3727 1068 3808 patroni
1094 3728 1212 3792 diverse
1235 3728 1283 3792 uia
1303 3729 1445 3794 incedunt

225 3807 254 3870 in
282 3829 317 3871 eu
339 3809 384 3874 rel
410 3808 583 3894 explicanda
607 3809 652 3875 rel
676 3813 868 3884 defendenda.
907 3813 1049 3876 Nonnulli
1068 3816 1145 3878 enim
1160 3816 1240 3898 iique
1256 3815 1443 3880 subtilissimi

157 3951 161 3976 ,
226 3905 254 3958 et
269 3897 439 3976 doctissimi,
455 3921 558 3980 puram
574 3899 755 3963 traditionem
774 3911 802 3962 et
819 3900 964 3964 ecclesiae
977 3903 1216 3966 consuetudinem
1228 3905 1444 3984 praetendunt,

225 3981 276 4045 alii
299 4003 369 4046 uero
394 3984 548 4049 firmiorem
573 3984 668 4052 moliri
689 3985 767 4050 uelle
798 3986 936 4050 ridentur
952 3989 1152 4070 probationem
1169 4007 1322 4067 suumque,
1352 4009 1443 4069 qua·

223 4071 410 4151 adoptarunt,
424 4072 589 4154 opinionem
602 4074 785 4154 argumentis
797 4085 856 4137 tum
868 4096 905 4138 ex
921 4074 1013 4137 literis
1031 4097 1056 4138 s.
1068 4087 1126 4138 tum
1139 4072 1308 4155 exscriptis
1323 4083 1442 4155 patrum

223 4156 320 4239 petitis
334 4154 440 4220 fulcire
458 4160 599 4224 nituntur.
632 4159 696 4223 Hos
713 4161 807 4244 primo
829 4160 895 4224 loco
911 4161 1073 4224 audiendos
1090 4171 1236 4242 putamus,
1261 4160 1371 4244 qnippe
1389 4163 1440 4245 qui

222 4263 288 4306 cnm
304 4243 413 4327 frigide
431 4240 504 4308 salis
520 4267 582 4321 reru
600 4256 743 4312 tractasse
759 4249 921 4329 rideantur,
937 4247 1018 4311 nullo
1034 4268 1161 4312 ossensu
1176 4247 1260 4332 digni
1270 4247 1308 4312 iis
1320 4250 1439 4314 omuino

224 4355 466 4372 m

290 4411 319 4486 *)
338 4412 447 4484 Prnditt,
469 4411 589 4469 Univers.
606 4414 679 4488 Lips.
697 4432 785 4489 progr.
803 4420 837 4477 ed
856 4419 917 4475 test.
938 4415 1000 4475 Cbr.
1019 4423 1085 4489 nst,
1108 4415 1181 4490 btps.
1203 4421 1282 4481 1758.
1301 4418 1329 4477 d.
