2986 4894
702 739 704 749 ¹
774 755 884 842 XX.

219 1039 508 1133 Joh.-uridu
535 1035 686 1128 Guttl.
712 1039 972 1126 Erdmann
996 1035 1051 1123 de
1074 1058 1156 1123 ovo
1179 1035 1423 1155 puechoff).

299 1257 353 1322 Dc
378 1279 445 1321 oro
470 1255 661 1339 paschali
687 1256 821 1320 dicturus
839 1255 914 1320 viam
932 1253 1052 1319 emetiar
1072 1251 1153 1317 baud
1169 1253 1257 1336 plane
1274 1255 1424 1338 inmotam,

220 1347 326 1411 etenim
351 1367 408 1408 uon
434 1345 554 1408 defuere
582 1344 636 1406 viri
660 1345 836 1422 doctissimi,
862 1344 912 1428 qui
936 1341 1186 1426 accuratissimam
1208 1363 1301 1428 ‚suam
1328 1346 1424 1410 falcem

127 1443 132 1453 '
209 1438 294 1500 ‘banc
315 1435 347 1496 in
371 1453 495 1496 messem
519 1431 641 1507 miseret
673 1430 716 1496 M.
741 1434 821 1496 Joh.
847 1431 1216 1514 Grosagebauerua
1236 1443 1266 1494 ct
1290 1433 1337 1496 Μ.
1356 1433 1424 1500 lul.

218 1525 243 1588 F
255 1521 459 1584 ridericns
474 1519 697 1582 Mickelius
715 1531 813 1597 crant,
839 1520 888 1600 qni
911 1519 989 1582 istud
1005 1517 1116 1600 negotii
1133 1517 1188 1580 sibi
1219 1520 1321 1582 datam
1339 1521 1426 1585 fuisse

218 1611 423 1686 credideruut3
440 1607 514 1671 alter
524 1608 554 1668 in
567 1620 781 1690 programmate
793 1607 939 1688 quopiam,
952 1607 1027 1669 alter
1039 1627 1108 1692 vero
1120 1605 1151 1666 in
1168 1605 1267 1668 Oolo
1275 1605 1348 1686 gia
1363 1629 1425 1690 pa·

218 1696 349 1761 sulculi
371 1717 431 1758 non
452 1694 564 1757 infelici
589 1715 734 1758 successu
758 1697 837 1756 bunc
859 1706 1000 1758 tractasse
1023 1693 1157 1756 ridentur
1179 1689 1326 1758 laborem.
1371 1697 1424 1758 lau

220 1786 348 1848 emnium
366 1783 577 1866 sapientiorum
593 1803 740 1845 consensu
758 1782 852 1844 radiat
869 1781 985 1860 veritas,
1008 1801 1065 1842 nou
1082 1781 1232 1842 incassum
1250 1801 1355 1862 agere,
1385 1785 1425 1866 qui

219 1871 517 1954 momenticujusdam
535 1869 714 1932 obscurioris
731 1867 918 1932 illustrationi
935 1868 1099 1950 fulgentius
1110 1869 1273 1930 accendere
1290 1881 1425 1952 satagunt

217 1959 329 2024 lumen.
375 1960 454 2024 Satis
471 1957 674 2020 excusationis
690 1968 777 2032 esset,
795 1955 853 2018 nisi
871 1967 900 2019 et
914 1953 989 2018 illud
1005 1957 1158 2024 accederet
1168 1957 1348 2036 argumenti,
1366 1980 1423 2022 esse

217 2047 269 2109 illa
286 2044 430 2128 opuscula
440 2044 556 2107 nostri
571 2043 619 2105 bis
635 2044 696 2106 oris
712 2045 790 2105 haud
808 2065 879 2106 sane
895 2041 1087 2125 pervulgata,
1104 2043 1173 2124 quin
1190 2055 1218 2106 et
1233 2065 1318 2108 meos
1336 2049 1427 2110 adbuc

175 2204 179 2212 ,
218 2132 433 2213 subterfugisse
449 2131 561 2196 oeulos.
597 2133 699 2212 ltaque
717 2131 810 2213 ipsius
826 2131 869 2194 rei
887 2131 1045 2213 primordia
1060 2129 1182 2208 moliarr
1198 2133 1373 2214 priusquam
1392 2139 1425 2198 ad

216 2221 386 2284 interiorem
408 2220 497 2302 hujus
519 2218 593 2282 ritus
618 2219 768 2300 paschalis
792 2219 1017 2300 explicationem
1041 2218 1225 2300 pertingam,
1258 2218 1375 2302 aliquid
1396 2223 1426 2284 in

196 2309 388 2374 ‘uniuersum
406 2309 441 2370 de
459 2306 575 2388 origine
591 2307 815 2370 consuetudinis
830 2328 953 2382 munera
970 2305 1114 2368 diribcndi
1134 2303 1367 2387 praelibaturus.

213 2383 219 2404 ‘
303 2395 512 2461 vicedominis
529 2394 597 2457 licet
615 2393 713 2460 multis
740 2395 934 2458 calamitatum
956 2395 1083 2477 jactetur
1105 2393 1258 2474 fluctibus,
1283 2397 1427 2460 candidus

216 2484 413 2561 nibilominus,
430 2484 574 2546 interdum
598 2483 694 2546 redire
718 2483 793 2544 solet
809 2483 883 2561 dies,
905 2481 955 2564 qui
978 2481 1105 2544 animum
1133 2481 1255 2545 mirifica
1277 2483 1429 2564 perfundit

147 2617 151 2622 -
214 2571 335 2636 laetitia.
360 2571 548 2648 Mortalihus,
566 2591 689 2651 quorum
704 2581 807 2652 pectus
824 2571 932 2650 gaudio
950 2579 1047 2650 tumet,
1069 2567 1147 2632 haud
1165 2591 1257 2651 pauca
1276 2591 1428 2656 enascun-

96 2719 102 2737 ,
215 2669 263 2720 tur
278 2658 460 2737 solidamina,
482 2677 558 2740 quae
576 2655 711 2718 affectum
726 2657 814 2719 istam
831 2659 994 2736 retardeut;
1024 2657 1155 2738 potiores
1171 2657 1268 2737 gaudii
1290 2679 1429 2722 remotas

213 2743 389 2806 iudicemus.
433 2743 537 2820 Homo,
557 2742 642 2824 cujus
660 2743 771 2806 laetitia
786 2744 879 2806 ferret
895 2755 1007 2825 pectus,
1025 2765 1092 2808 eum
1108 2745 1212 2821 sociis,
1234 2744 1284 2824 qui
1303 2745 1352 2807 rel
1370 2748 1430 2808 tri-

214 2831 306 2896 stiora
330 2829 554 2914 perpetiuuutur
571 2831 648 2908 lata,
675 2830 722 2893 vel
746 2831 797 2912 qui
814 2851 940 2912 aequum
956 2829 1103 2914 uuillisque
1123 2831 1324 2912 perturbatum
1350 2832 1429 2896 ulfe-

214 2919 312 2982 etibus
328 2929 445 2999 gestant
460 2917 598 2991 animum,
621 2929 782 2980 uersatum„
807 2917 902 2998 Igitur
917 2930 1057 3000 gravatus
1075 2919 1176 2999 gaudii
1193 2917 1348 2998 allectum,
1367 2941 1427 3002 quo

214 3013 377 3084 exaestuat,
394 3006 470 3068 iutra
487 3005 534 3068 sui
552 3003 646 3086 ipsius
664 3003 791 3086 pectoris
809 3005 956 3070 cancellos
973 3005 1110 3084 retinere,
1130 3005 1286 3069 confestim
1303 3008 1340 3070 de
1357 3008 1426 3070 aliis

212 3094 243 3155 iu
260 3095 427 3157 societatem
446 3091 573 3154 factitiae
590 3091 756 3156 alliciendis
775 3092 902 3174 cogitat,
922 3093 1009 3179 idque
1022 3093 1113 3174 ‘prom
1129 3093 1241 3158 uiribus
1259 3091 1353 3172 valet,
1377 3093 1427 3158 rel

212 3181 315 3260 majori
338 3177 385 3240 vel
401 3177 505 3240 mioori
522 3199 589 3240 eum
608 3197 752 3240 successu
769 3180 903 3242 conficiet
920 3181 1049 3262 negotii3
1078 3189 1238 3242 occurrunt
1254 3181 1355 3262 primo.
1366 3183 1424 3244 hu-

211 3265 305 3330 miues
321 3262 489 3327 illaetabilis
506 3265 593 3347 place
609 3265 803 3328 conditionis:
833 3269 1010 3349 objiciuntur
1028 3269 1093 3351 ejus
1108 3268 1202 3344 risui,
1225 3270 1274 3350 qui
1293 3281 1426 3334 extrema

212 3373 277 3416 cum
302 3364 471 3438 paupertate
496 3353 661 3432 luctantur,
695 3355 805 3418 laetitia
828 3355 951 3419 affectus
970 3377 1061 3438 aegre
1084 3356 1140 3418 fert
1165 3355 1310 3420 misellam
1336 3357 1424 3420 istam

210 3454 329 3528 suptem.
366 3442 444 3504 Hine
461 3462 605 3524 pauperes
631 3442 827 3506 munificentia
855 3447 931 3522 beat,
958 3455 1080 3524 argento
1106 3441 1267 3518 exhilarat,
1292 3443 1425 3510 animum

211 3533 319 3596 addere
355 3533 461 3606 audet3
492 3551 613 3612 prorsus
636 3541 667 3592 ut
698 3531 829 3592 interiori
863 3531 988 3612 pectoris
1015 3530 1133 3592 affectui
1161 3528 1274 3592 nullum
1304 3533 1427 3596 resistat
1477 3524 1478 3546 ¹

213 3617 438 3694 offendiculum
466 3622 677 3694 oliversautur,
705 3619 754 3700 qui
772 3619 941 3681 carceribus
965 3618 1068 3680 intrusi
1088 3617 1246 3681 durissimo
1264 3618 1342 3682 ritae
1366 3613 1427 3700 ge?

209 3727 279 3768 nere
297 3705 431 3767 miseram
449 3707 566 3767 trabunt
582 3704 717 3768 animam.
759 3705 855 3766 Homo
874 3703 970 3767 laetus
993 3725 1049 3767 nuc
1071 3705 1122 3768 illo
1146 3705 1316 3786 spectaculo
1343 3707 1422 3770 alfe-
1477 3762 1479 3775 ι

208 3801 296 3866 ctum,
314 3791 365 3873 qui
381 3793 410 3854 in
426 3794 522 3856 auimo
540 3789 675 3874 pullulat,
692 3790 811 3852 retineri
827 3793 945 3872 patitur.
987 3792 1072 3858 Vires
1099 3791 1125 3856 si
1144 3797 1203 3854 sint
1218 3792 1421 3874 angustiores,

207 3883 244 3941 ad
263 3879 410 3942 minimum
438 3879 605 3942 muneribus
622 3877 759 3941 exhibitis
777 3879 918 3958 ergastuli
934 3879 1095 3942 molestiam
1120 3878 1208 3944 levat.
1241 3881 1420 3944 Sin-rerum

207 3967 372 4028 moderetur
388 3967 512 4044 clarium,
529 3966 673 4048 squalenti
693 3965 822 4031 carceris
840 3967 960 4048 pulvere
977 3989 1097 4050 pressos
1114 3967 1204 4032 facile
1220 3967 1336 4032 liberat.
1359 3971 1421 4033 Oc·
1473 3968 1477 4069 ξ

206 4063 329 4116 currunt
346 4052 450 4115 deindo
469 4053 577 4114 homini
594 4052 765 4128 exhilarato,
783 4055 832 4136 qui
849 4055 976 4120 animum
995 4055 1071 4118 omui
1084 4053 1197 4134 ,affectu
1219 4055 1321 4118 forent
1340 4055 1420 4120 libe·
1474 4108 1476 4119 .

206 4161 288 4213 rum3
312 4137 364 4202 ille
382 4152 410 4203 et
426 4141 479 4202 bos
495 4143 531 4202 ad
550 4141 683 4216 eundem,
701 4162 758 4222 quo
774 4141 838 4224 ipse
855 4144 978 4222 exultat,
1001 4163 1140 4206 reuocare
1157 4143 1265 4223 satagit
1280 4142 1419 4208 allectum

205 4227 303 4292 verbis
321 4248 394 4291 usus
411 4231 448 4292 ad
466 4229 624 4308 macerrimam¹
638 4224 813 4294 bilaritatem
829 4231 1009 4316 compositis.
1034 4231 1101 4296 Nou
1117 4231 1232 4316 pigebit
1248 4229 1418 4316 exemplum
1472 4224 1475 4301 l

197 4370 434 4395 ffl-

271 4451 303 4523 *J
320 4451 421 4509 carra
434 4448 510 4519 urps.
533 4451 610 4508 urso.
629 4449 656 4508 ι.
874 4537 885 4550 ,
1027 4445 1029 4453 ·
1301 4536 1305 4548 1
1471 4392 1475 4499 l
