2916 4904
189 248 236 318 αι)
631 303 634 310 ,
676 243 703 310 J.
724 239 908 308 nitasuram

192 415 288 486 tuisse
304 419 336 482 in
352 419 474 498 regione
489 418 584 480 abesa.
609 414 672 479 Nec
688 413 743 478 iaec
759 413 864 496 placet.
895 409 970 477 Nam
987 415 1117 479 cometas
1134 427 1243 472 cassas
1260 405 1438 474 missales

66 525 68 530 '
193 509 312 585 babent,
327 507 405 568 uude
422 503 507 584 Magi
523 505 558 564 de
575 507 643 562 nato
659 522 732 581 rege
748 501 888 564 certiores
905 498 969 581 fieri
984 519 1046 560 noa
1070 495 1243 578 potuissent.
1278 494 1437 578 Chryso-

195 606 306 660 'stomus
325 614 414 675 super
429 588 533 654 Matth.
551 588 629 650 hano
653 584 766 652 stellam
785 597 868 670 putat
888 586 1028 668 angelum
1054 585 1159 648 inisse.
1192 585 1255 647 Nec
1271 583 1329 644 hoc
1347 581 1438 664 pla-

195 694 251 748 cet.
283 677 490 761 Namqueties
508 675 606 754 angeli
624 674 653 736 in
673 675 768 737 sacris
785 675 850 750 risi,
870 671 1229 752 etiamlocutilsguntnr.
1258 669 1323 732 Sed
1340 671 1435 734 hacc

195 767 282 834 stelin
297 767 353 830 suit
368 776 456 828 muta.
489 762 584 826 Nebis
600 761 675 826 haec
699 763 784 827 steila
800 763 914 826 ridetur
937 761 1033 823 faisse
1051 759 1271 839 phaenomeuou
1293 757 1329 820 in
1345 767 1434 820 aere

195 855 333 920 divinitus
357 855 544 933 productum,
577 853 654 931 qued
679 850 773 912 instar
797 849 901 912 stellae
926 847 1029 910 oculos
1050 847 1208 926 Magorum
1242 845 1438 930 perstrinxit

125 986 129 992 -
194 943 339 1022 simulque
356 942 444 1002 corda
461 939 593 1018 ipsorum
609 937 767 1000 salubriter
783 937 936 1018 percuisit.
970 934 1044 996 Cum
1060 933 1153 1014 igitur
1168 942 1289 996 nossent
1307 932 1436 996 ratici-

194 1031 272 1092 nium
289 1026 428 1090 Biieami:
448 1028 658 1090 vastarariis
673 1046 709 1086 ee
726 1027 830 1102 Jacob,
848 1032 876 1086 'ot
893 1045 930 1086 ex
944 1021 1085 1096 Daniele,
1109 1028 1285 1102 septnapinte
1309 1023 1435 1084 bebdo-

193 1118 289 1178 medss
301 1113 361 1196 jam
374 1112 440 1176 ‘iero
458 1112 620 1190 transiisse,
636 1111 703 1174 iade
721 1111 899 1202 didicerunt,
912 1129 1015 1189 regent
1031 1109 1209 1170 iudaeorum
1221 1108 1288 1190 jam..
1300 1119 1435 1173 natum.

192 1203 283 1266 Extat
299 1201 374 1264 libor
384 1199 468 1276 Seth,
485 1199 534 1281 qui
551 1199 676 1262 affirmat
692 1199 723 1260 iu
739 1199 794 1260 bac
810 1197 896 1262 stelin
911 1195 1066 1277 puerulum
1081 1195 1208 1274 stetisse,
1226 1195 1276 1276 qui
1291 1216 1433 1260 crucem

194 1288 364 1372 portaverit.
398 1288 459 1350 Sed
476 1287 551 1348 iiber
567 1286 615 1348 iric
633 1297 678 1348 est
693 1283 889 1367 apocryphus.
914 1329 916 1336 -

179 1427 181 1430 .
281 1376 441 1438 Festum
467 1371 782 1454 purificationis
808 1370 972 1436 Mariae.
1014 1369 1090 1453 §.L
1123 1368 1432 1435 Sunthuicfestoa

81 1452 86 1458 ’
193 1462 357 1543 majoribus
383 1461 491 1524 nostris
515 1460 634 1524 nomina
662 1460 790 1540 quinque
815 1459 926 1535 inditn',
959 1479 1083 1539 quornm
1108 1455 1347 1538 antiquissimum
1376 1469 1432 1522 est

192 1553 296 1627 famem
310 1555 559 1630 presentationis,
582 1569 638 1630 qno
654 1547 815 1624 indicator,
830 1545 907 1610 diem
922 1545 1011 1608 istum
1028 1566 1119 1626 puero
1136 1545 1208 1609 iesu
1222 1554 1429 1625 praesentato

193 1637 224 1698 in
249 1634 356 1715 templo
373 1656 489 1698 sacrum
507 1655 583 1698 csse.
614 1633 731 1696 Dicitur
754 1637 855 1710 festam
872 1640 1011 1697 Simeonis
1033 1643 1060 1694 st
1084 1639 1220 1709 flamme,
1245 1639 1430 1718 propterea,

194 1725 270 1806 quod
288 1721 388 1784 dehis
405 1723 435 1784 in
454 1721 607 1802 cvarrgeiio
624 1722 714 1802 hujus
730 1721 799 1784 festi
815 1731 931 1801 agatur.
964 1719 1082 1782 Dicitur
1096 1721 1198 1796 festam
1223 1721 1385 1800 tepentes,
1406 1743 1429 1783 ιι

184 1831 302 1890 »graeco
320 1813 409 1872 verbo
429 1804 581 1887 ὑπαντᾶν,
599 1809 712 1870 obviarn
729 1809 782 1886 ire,
798 1817 951 1890 propterea
969 1809 1044 1888 qued
1063 1806 1109 1868 die
1126 1807 1182 1878 boc
1197 1805 1271 1868 icsto
1289 1806 1428 1870 Simeon

193 1919 286 1960 senex
304 1899 444 1958 sacerdos
461 1917 552 1976 puero
570 1897 642 1958 iesu
658 1897 771 1958 obviam
789 1894 968 1976 processerit
992 1914 1115 1975 eumque
1139 1891 1219 1954 ulnis
1250 1895 1427 1976 exceperit.

193 1985 233 2046 Et
249 1987 321 2046 baec
339 1984 394 2046 tria
412 1983 529 2044 nomina
545 1983 728 2064 antiquorum
752 1993 828 2046 sunt.
859 1981 975 2046 Dicitur
991 1984 1095 2058 [estem
1117 1981 1322 2061 pampinationis
1340 1990 1426 2044 Mn-

192 2079 262 2144 rius,
278 2073 357 2132 unde
372 2077 460 2152 patet,
476 2069 553 2131 diem
572 2070 638 2132 oiim
657 2070 773 2132 Christe
797 2070 924 2132 dicatam
955 2069 1042 2150 lapsu
1070 2079 1229 2149 temporum
1252 2068 1285 2130 in
1300 2069 1425 2132 autrum

132 2219 137 2226 .
194 2160 222 2222 ιι.
242 2157 374 2238 Virginis
391 2157 563 2218 nansiatuut
579 2157 690 2233 fuisser
708 2177 766 2238 qua
782 2159 817 2218 de
833 2179 866 2220 re
883 2157 924 2218 ita
940 2155 1044 2218 scribit
1052 2157 1180 2219 Jacobus
1198 2155 1425 2236 devoragine:

79 2232 87 2254 ⁸
193 2252 305 2306 Festum
321 2246 526 2326 paerdicationis
542 2252 573 2306 in
590 2248 719 2306 ιιιιιιιιιιι
736 2251 836 2308 matris
856 2251 984 2320 Domini,
1009 2266 1079 2325 qnae
1093 2265 1187 2307 ornem
1203 2245 1294 2306 ioman
1307 2251 1422 2322 pssunt,

192 2338 308 2411 apenos.
345 2335 429 2413 Apatd
452 2335 574 2397 otitniaos
597 2339 862 2412 caimProssrpinu
885 2353 993 2412 operase
1017 2338 1070 2393 Dei
1092 2333 1261 2407 infernalis,
1285 2333 1335 2392 sed
1351 2333 1423 2409 ejas

192 2423 252 2482 icoo
275 2423 351 2501 epod
374 2443 426 2482 nos
442 2427 546 2482 Morio
567 2442 672 2501 spensa
694 2427 745 2505 Dei
770 2423 892 2482 eeeisstis
912 2421 1076 2482 irmtorotnr.
1108 2419 1194 2498 Aaou
1216 2421 1339 2480 etbniem
1358 2425 1425 2481 Fc-

192 2510 272 2582 brna,
289 2531 360 2590 qaas
376 2515 465 2570 Deam
488 2511 551 2569 beiti
573 2498 723 2586 penmra't,
747 2511 797 2568 aad
820 2509 896 2588 epod
917 2528 968 2568 nos
993 2512 1112 2578 Mario,
1140 2519 1210 2586 qaus
1225 2512 1312 2566 Deam
1329 2513 1423 2582 perois

191 2600 300 2671 pmoit,
318 2598 426 2656 anteon.
459 2597 545 2674 Apud
562 2599 682 2656 etimicos
704 2597 791 2655 boner
807 2601 901 2654 arrico
923 2595 1075 2670 infernali,
1100 2595 1148 2655 sed
1164 2593 1304 2672 operimus
1320 2593 1425 2656 bonor

190 2685 302 2756 rapinae
318 2683 478 2756 repeterem
505 2682 629 2754 defertur
653 2682 764 2758 ideaque
779 2681 854 2754 festa
879 2683 1054 2742 mesonma
1071 2685 1217 2756 infestam
1232 2678 1422 2758 perimentiu-

192 2772 238 2826 nis
254 2771 370 2826 Menios
385 2787 517 2826 macerae
532 2776 605 2826 snm.
637 2765 744 2828 Verum
761 2766 834 2828 baec
851 2777 919 2827 sunt
934 2767 1139 2848 superstitiosa
1153 2787 1209 2829 nec
1235 2765 1322 2828 nobis
1339 2788 1422 2847 prc-

185 2854 308 2927 bautur.
341 2851 456 2914 Dicitur
471 2854 573 2926 festam
588 2847 767 2914 candelarem
781 2856 824 2914 oei
838 2857 989 2926 laminam,
1008 2865 1126 2934 propter
1143 2874 1245 2916 cereos
1262 2855 1422 2934 ardentes,

191 2937 294 3020 quiin
320 2939 411 3000 missa
433 2939 522 3020 hujus
547 2937 615 3000 festi
632 2949 858 3018 consecrantur,
883 2943 959 3002 uude
978 2940 1133 3003 Germanis
1158 2940 1279 3005 dicitur:
1305 2941 1423 3005 Licht-

190 3046 296 3088 messe.
313 3059 352 3072 -
383 3024 410 3106 §.
428 3026 458 3086 2.
487 3027 573 3102 Quod
600 3028 637 3087 nd
662 3025 805 3106 originem
831 3027 920 3108 bojas
944 3027 1012 3089 sesti
1037 3028 1152 3108 attinet,
1177 3028 1342 3090 commanis
1370 3039 1424 3093 est

191 3111 443 3192 o'pinio,coepisse
459 3112 514 3172 heo
530 3111 636 3175 sestam
654 3134 680 3173 a.
691 3113 842 3190 carnae,
864 3113 950 3194 panio
969 3125 1036 3176 ante
1053 3113 1317 3178 mediumsse.V1.
1337 3125 1422 3178 tern-

192 3219 263 3277 pore
280 3196 438 3258 iastiaiani
457 3197 608 3262 Caesaris.
641 3200 833 3263 Occasionem
857 3201 928 3262 isaie
951 3201 1026 3264 festo
1051 3203 1212 3282 praebitam
1230 3201 1419 3282 sigebertus

189 3285 218 3345 in
238 3285 346 3346 Chron.
365 3284 406 3344 ita
430 3297 580 3348 recenset:
609 3294 743 3368 Tempore
765 3294 922 3350 Jrrstinioni
940 3293 1070 3350 Gesseris
1092 3297 1122 3352 in
1141 3290 1243 3364 Mysia
1259 3293 1421 3370 Pompeio-

188 3374 248 3452 poii
263 3378 357 3450 mepni
371 3383 451 3434 erent
466 3384 669 3454 terraemotus,
686 3378 784 3454 qnibns
799 3377 916 3438 dimidie
930 3397 1000 3455 pers
1014 3378 1093 3438 erbis
1109 3378 1314 3438 absorbebatur.
1344 3381 1418 3438 Διι-

188 3461 332 3523 ιιιιιαιιιιιι
346 3463 516 3522 miserobiies
531 3483 609 3523 oecos
623 3468 794 3540 parentiam
810 3465 860 3524 aab
875 3473 959 3556 terrm
991 3468 1115 3542 Scepsis
1126 3485 1244 3546 -qnopas
1259 3485 1275 3524 s
1288 3465 1418 3528 arabibus

100 3564 111 3582 ι
188 3549 287 3606 decidit
302 3559 327 3606 et
342 3551 478 3610 subsecuti
504 3560 570 3608 sent
593 3556 667 3612 carii
682 3553 838 3628 pestitentes
857 3551 957 3622 morbi,
982 3552 1080 3629 qnidam
1101 3557 1266 3630 susperstites
1281 3573 1301 3612 e
1316 3561 1418 3616 terrae

188 3643 263 3694 moto
280 3638 351 3696 cioca
372 3642 462 3715 nerim
484 3642 614 3714 oportuit.
646 3643 701 3697 His
716 3639 922 3696 calamitatibus
944 3647 1034 3698 metris
1051 3643 1232 3700 demtininnns
1246 3644 1291 3700 in
1318 3641 1417 3702 bono-

186 3741 246 3781 rsm
264 3721 367 3782 Christi
384 3726 543 3784 Setantoris
558 3725 661 3796 festam
681 3729 821 3801 Hapentes
839 3728 976 3796 institnit,
1003 3735 1034 3784 nt
1049 3729 1201 3798 Seinnter,
1218 3731 1266 3806 qai
1282 3731 1417 3790 simeoni

186 3813 216 3867 in
241 3809 339 3884 templo
356 3819 522 3882 contorserat,
547 3816 631 3872 etiem
647 3815 755 3870 eriseris
772 3815 909 3887 propitius
925 3831 1066 3873 accersere
1080 3816 1123 3878 oei
1137 3819 1232 3890 potins
1247 3834 1417 3876 samarrere

187 3896 356 3971 dipnaretcr.
390 3895 445 3956 His
471 3895 590 3976 gemina
612 3894 701 3956 refert
723 3893 909 3974 Nicephorus
927 3895 993 3978 bist.
1015 3898 1088 3960 ecci,
1108 3899 1157 3979 17,
1175 3901 1227 3960 28.
1254 3899 1353 3976 Quin
1383 3913 1416 3964 et

186 3978 332 4041 Berenice
348 3979 379 4040 in
396 3983 473 4044 uotis
490 3985 526 4044 ad
543 3981 688 4062 martyrol.
702 3981 788 4042 Rern.
808 3979 903 4060 palam
921 3983 1037 4059 fantur,
1055 3996 1122 4046 ante
1132 3985 1332 4053 lastinianum
1351 4009 1414 4050 ne·-

187 4066 290 4128 minen
309 4077 422 4145 patrum
441 4076 549 4144 extare,
566 4068 614 4148 qai
631 4068 707 4128 feste
726 4065 934 4147 purificationis
952 4070 1068 4132 Marias
1089 4071 1238 4134 homiliam
1255 4075 1413 4140 babuerit.

185 4153 275 4228 Extat
291 4153 405 4234 quidem
426 4175 464 4214 ex
488 4177 547 4216 sec.
567 4154 614 4218 lv.
641 4155 732 4214 oratio
750 4154 886 4228 Gregorii
904 4157 988 4234 Nan,
1004 4156 1034 4217 iu
1052 4157 1159 4222 festum
1183 4159 1329 4224 luminum
1345 4160 1412 4226 lra-

185 4240 255 4316 bitn,
274 4243 325 4300 sed
346 4240 519 4320 perfeetum
537 4239 677 4300 luminant
693 4240 899 4302 Nazianzenus
916 4262 974 4302 noa
991 4241 1082 4322 iliud,
1100 4248 1177 4326 quod
1195 4265 1251 4310 nos
1265 4247 1308 4310 ita
1326 4249 1411 4311 dici-

184 4342 269 4402 mns,
303 4329 355 4389 scd
376 4328 482 4388 festum
502 4326 649 4405 Epiphan.
673 4327 829 4408 inteiligit,
856 4340 1051 4410 quo-veteres
1085 4335 1233 4412 quondam
1266 4336 1408 4416 baptismi

185 4413 296 4479 Christi
311 4413 478 4478 memoriam
502 4412 651 4493 iecerunt,
676 4416 754 4478 uude
781 4415 867 4479 etiam
892 4423 952 4480 tota
975 4415 1068 4492 oratio
1090 4419 1165 4521 Nae.
1191 4422 1228 4484 dc
1254 4422 1407 4503 baptismo
