2916 4904
412 237 450 299 de
469 235 547 300 lento
571 225 908 308 enumerantem.
1011 307 1016 312 .
1231 245 1275 314 dd

40 404 146 469 Plena
164 407 251 472 douo
274 419 433 490 acconem
456 419 485 474 et
504 409 537 477 in
560 411 699 495 templum
715 415 745 476 la.
761 413 893 496 Virginis
919 415 1091 479 et'otnniunt
1115 425 1272 504 martyrum

39 503 220 561 adureret
237 495 344 564 ,Extat
360 498 459 560 edlrm
473 498 588 562 Rornae
614 501 751 581 ternplum
767 501 841 564 illud
858 511 888 565 et
901 503 995 567 formo
1019 503 1157 567 circulari
1174 508 1285 574 Mane*

37 585 166 648 rotunda
186 583 307 646 dicitur.
340 585 421 663 Quin
438 593 467 646 et
483 587 658 650 Bonilaoius
680 590 710 652 in
726 589 866 652 honorem
889 601 1047 674 martyrum
1060 592 1190 655 *omnium
1206 595 1263 658 Ro·

38 691 95 732 nae
114 670 238 736 tntum
254 669 465 736 celebrandum
487 676 536 736 die
560 675 679 738 decimo·
698 677 773 738 tertii
790 679 860 759 maji
883 677 1017 743 institnit.
1043 713 1079 726 -·
1108 677 1135 760 §.
1153 681 1184 742 2.
1200 681 1272 745 Post

36 756 82 818 illa
99 777 176 820 cem
197 759 310 820 uenus
328 760 425 841 majus
440 781 501 822 uon
516 762 664 826 rideretur
680 767 850 826 commodus
868 767 905 826 ob
923 766 1075 846 penuriam
1092 765 1270 846 druuliam,

36 846 142 926 ombus
162 846 321 926 peregrini
340 859 465 928 possent
479 849 595 929 excipi,
619 849 784 930 Gregorius
802 852 849 917 tv.
865 874 894 914 a.
910 853 981 916 Clrr.
997 855 1071 918 8³5.
1087 855 1271 919 dannatione

37 943 194 1013 μιιιιιιιιιιε
212 933 291 996 diere
308 933 388 996 hunc
405 955 443 998 ex
459 936 538 1017 majo
555 937 586 1000 in
601 937 662 1000 kol.
679 941 813 1004 novemb.
832 941 995 1018 transtulit,
1019 943 1097 1023 quod
1114 953 1269 1005 ιιιοιιιιιιιιιι

35 1021 154 1082 lucilius
166 1020 288 1082 -lralreri
306 1021 446 1084 victualia
461 1034 582 1104 possent
589 1051 598 1101 3
616 1025 685 1106 quin
705 1029 733 1088 'et
750 1047 808 1088 nou
824 1029 853 1088 lr.
870 1029 1003 1109 Virginis
1019 1039 1128 1092 tuntum
1146 1039 1176 1091 ct
1189 1051 1270 1094 utar-

39 1121 142 1190 tyrum,
162 1111 223 1172 scd
243 1109 374 1170 omnium
387 1111 563 1174 Sanctorum
582 1113 749 1176 memoriam
766 1111 944 1196 cultumque,
960 1135 1016 1178 nec
1032 1117 1144 1178 Romae
1160 1127 1283 1188 mtntn,

39 1199 88 1258 sed
104 1206 179 1258 toto*
189 1197 267 1258 erlto
282 1196 444 1262 chrisiaco
460 1200 565 1280 peragi
589 1198 689 1264 voluit.
724 1199 829 1263 Solent
843 1202 894 1264 olii
909 1203 1000 1284 hujus
1016 1203 1084 1264 lenti
1102 1213 1161 1266 tres
1178 1205 1269 1268 relio-
1331 1195 1332 1203 ἵ

38 1303 88 1346 nes
102 1285 256 1346 reddere:
274 1283 410 1363 primunr,
423 1294 455 1348 ut
471 1307 537 1350 enon
554 1309 613 1348 non
628 1309 730 1350 omnes
740 1288 843 1351 Sancti
858 1289 889 1350 in
907 1290 1085 1352 calendariis
1099 1291 1268 1354 nominatim

40 1380 143 1448 exunt,
163 1380 270 1434 certus
288 1382 370 1460 esset
386 1373 459 1450 dies,
476 1395 534 1456 quo
551 1373 654 1436 Sancti
670 1395 770 1453 omnes
795 1388 916 1457 excepto
932 1377 1048 1438 nemine
1064 1377 1150 1438 sirnul
1167 1399 1203 1440 ac
1217 1399 1269 1440 se-

38 1457 90 1520 orel
111 1461 358 1535 honorarentur3
381 1471 459 1538 ιιιιιι,
483 1471 515 1522 nt
539 1473 778 1542 compensaretur
799 1461 984 1544 negligentia
999 1465 1030 1525 in
1045 1464 1167 1547 reliquis
1183 1465 1269 1528 lestis

37 1547 219 1610 Sanctorum
235 1546 313 1608 forte
337 1547 484 1624 admissa5
511 1548 638 1632 denique
662 1560 696 1612 ut
713 1550 815 1612 Sancti
834 1571 937 1613 omnes
959 1551 1046 1613 simul
1062 1571 1099 1613 ac
1113 1551 1202 1614 semel
1219 1553 1268 1614 in-

37 1633 128 1696 vocati
160 1632 251 1715 quasi
269 1633 387 1714 agruim
404 1634 483 1698 laeto
499 1637 595 1698 Deum
612 1639 786 1699 accederent
810 1638 932 1720 suisque
949 1639 1086 1720 precihus
1103 1639 1268 1722 conjunctis

37 1721 199 1784 ecclesiam
225 1720 314 1782 eitius
333 1723 483 1803 juvarent.
523 1723 562 1786 Ut
587 1724 705 1786 lerenius
729 1724 841 1804 dicam,
866 1733 955 1787 totum
980 1729 1035 1788 lonc
1051 1727 1159 1790 t'cstum
1175 1725 1267 1788 cultui

36 1810 219 1872 Sanctorum
231 1807 376 1887 innititur,
389 1829 447 1891 quo
464 1810 581 1875 sublate
597 1811 695 1892 ipsum
707 1833 823 1894 quoque
834 1812 940 1876 festum
957 1813 987 1874 in
1005 1813 1140 1877 ecclesiis
1158 1813 1266 1878 nostris

37 1897 139 1960 merito
156 1899 273 1962 mesae

121 1985 291 2047 Festum
316 1983 483 2048 omniun
507 1985 732 2049 animarum.
769 1987 874 2049 lueidit
890 1988 922 2049 in
938 1987 1013 2049 diem
1030 1989 1192 2050 secuudum
1209 2007 1266 2048 no-

39 2074 132 2134 remlt.
148 2071 301 2134 Pontifioii
317 2092 354 2134 oo
370 2071 418 2134 die
436 2071 542 2136 missas
559 2095 612 2153 pro
629 2074 778 2138 defunctis
799 2076 1000 2156 frequentant,
1027 2077 1136 2156 quibus
1152 2076 1266 2138 animos

41 2159 69 2218 in
84 2159 273 2240 purgatorio,
292 2158 319 2220 ni
336 2163 413 2240 qnod
429 2159 478 2237 sit,
497 2161 667 2241 refrigerari
686 2166 817 2224 creduut.
850 2163 945 2243 Origo
970 2173 1066 2225 tamen
1091 2163 1179 2244 trojus
1195 2161 1264 2225 lecti

44 2247 169 2324 creditur
194 2265 264 2308 esse
287 2247 326 2308 alr
352 2245 489 2325 odilone,
514 2251 621 2310 albeto
637 2249 845 2325 cluniacensi,
870 2249 921 2330 qui
945 2261 1015 2311 anto
1039 2251 1113 2311 med.
1137 2271 1197 2312 nee.
1215 2249 1266 2312 Xl.

45 2333 126 2396 uiuit.
155 2334 212 2396 llic
238 2335 334 2396 abbas
350 2353 417 2396 curn
440 2334 601 2416 aliquande
620 2336 650 2396 in
668 2337 772 2396 Sicilia
795 2335 976 2414 ignivomum
1002 2343 1126 2396 montem
1144 2338 1264 2396 Aetnam

47 2420 218 2499 transiisset,
231 2421 331 2486 fertur
347 2420 488 2503 querulas
505 2423 617 2484 animus
633 2423 799 2498 audivisse,
827 2442 903 2501 quac
918 2421 1145 2500 redemptionem
1163 2420 1211 2481 sui
1228 2441 1266 2482 cx

46 2509 213 2589 purgatorio
238 2509 397 2590 petierunt.
437 2511 588 2572 Reversus
612 2509 703 2588 igitur
726 2511 762 2570 ad
777 2508 961 2570 -eoenolrium
987 2507 1093 2569 iratres
1116 2527 1188 2569 suos
1212 2527 1265 2587 pro
1303 2513 1311 2522 '

48 2596 198 2660 animabus
215 2596 365 2658 deiunetis
379 2617 464 2660 orare
480 2597 578 2658 docuit
595 2607 624 2658 et
639 2597 777 2677 precibus
792 2595 950 2658 istisltunc
965 2594 1041 2658 tion
1058 2594 1166 2672 sanxit,
1179 2615 1264 2677 qoem
1282 2621 1288 2628 ·

48 2697 140 2763 postea
157 2685 313 2748 lohannes
329 2684 421 2748 XVtt.
439 2685 557 2766 publice
574 2684 762 2762 confirmarit,
780 2694 854 2746 testo
871 2683 1027 2763 Sigclrerto
1044 2682 1263 2746 Gcmblaoensi.

37 2771 94 2834 'dlii
110 2771 227 2836 rectius
243 2771 353 2844 loetum
372 2772 499 2834 omniurn
516 2773 678 2834 animarum
695 2771 923 2858 ateunictsuo
939 2771 1078 2834 derivant.
1107 2771 1181 2834 Nam
1199 2769 1265 2833 etlr-

47 2861 94 2922 uiri
119 2881 177 2942 per
202 2859 358 2922 duodecim
374 2859 437 2922 dios
452 2859 572 2937 februo,
589 2862 618 2923 ιι.
635 2881 661 2922 e.
686 2859 872 2942 expiationes
891 2881 946 2940 pro
969 2859 1114 2920 destructis
1131 2877 1221 2938 agere
1237 2867 1266 2920 et

46 2947 118 3012 iaces
130 2949 224 3030 juxta
241 2947 369 3010 tumulos
385 2951 548 3010 accendere
565 2949 715 3024 solebant,
732 2956 805 3010 teste
822 2947 923 3029 Polyd.
942 2946 1077 3024 Vergilo,
1103 2945 1170 3008 lrist.
1186 2943 1216 3018 6,
1233 2947 1263 3006 e.

47 3035 247 3116 Undecunqee
262 3034 301 3098 sit
318 3035 412 3114 origo,
422 3035 530 3098 festum
545 3045 589 3098 est
604 3035 864 3116 surrerstitionilous
881 3034 998 3116 plenum
1013 3043 1041 3095 et
1057 3031 1176 3100 sublato
1188 3050 1264 3113 pur-

46 3125 153 3202 gotcrio
172 3143 236 3184 nna
251 3123 388 3184 concidit.
432 3127 436 3134 “

123 3210 333 3274 Martinus
357 3211 573 3273 Lutlrorns.
610 3209 765 3272 Coronidis
788 3207 854 3270 loeo
881 3211 917 3270 ad
935 3208 998 3270 dies
1022 3207 1114 3270 lectos
1131 3205 1264 3268 etritam

45 3297 164 3361 Lutlreri
175 3297 211 3360 in
229 3299 370 3360 honorem
393 3297 537 3360 ecelesiae
554 3299 742 3360 Lutlteranoe
761 3298 887 3359 breviter
901 3296 1074 3360 referemus.
1108 3296 1202 3356 Natus
1220 3303 1265 3356 est

45 3387 191 3464 Lutlrerus
214 3407 245 3448 a.
262 3386 316 3448 ca.
335 3385 429 3450 1483.
455 3385 597 3462 lslelriae,
624 3386 674 3446 ubi
698 3386 794 3446 adhuc
819 3387 922 3445 donnes
945 3382 1068 3442 Lutlreri
1093 3381 1263 3442 ostenditur.

45 3475 145 3538 llaturn
163 3483 209 3536 ml
227 3472 270 3534 illi
286 3473 408 3536 Martini
425 3475 635 3554 nomen‚'quod
651 3472 681 3532 in
698 3469 802 3552 vigilia
818 3471 850 3531 S.
864 3468 986 3531 Martini
1004 3467 1190 3529 Turonensis
1206 3487 1263 3528 uab
1367 3485 1376 3493 ’

46 3569 88 3624 tus
103 3570 196 3624 esset.
229 3560 342 3624 Aetatis
360 3581 433 3622 suae
458 3581 535 3623 anno
555 3559 605 3623 14.
623 3560 785 3622 ιιιιιιὶοιιιιιι
804 3557 900 3638 gratia
917 3555 1167 3637 Magdelrurgunr'
1181 3553 1265 3630 abiit,

47 3657 147 3728 postea
169 3649 328 3712 lsouaounr
353 3648 433 3711 venit
456 3647 556 3730 ibique
581 3647 805 3728 quadriennium
828 3644 934 3708 studiis
958 3641 1108 3724 impendit.
1148 3641 1263 3704 lernaei
1361 3685 1366 3708 t

47 3759 106 3798 rem
124 3735 254 3800 ostiatim
271 3757 377 3817 panem
395 3745 556 3818 quaereret,
568 3755 657 3817 saepe
674 3734 760 3816 nanis
772 3733 815 3795 illi
831 3733 888 3796 luit
904 3741 1040 3813 negatus.
1067 3728 1156 3791 Abire
1172 3729 1264 3810 igitur

47 3845 79 3888 rx
94 3824 199 3887 sclrola
216 3823 318 3886 voluit.
349 3824 426 3886 Ilum
443 3824 474 3884 iu
493 3823 541 3885 ria
558 3834 619 3900 cst,
644 3833 777 3885 matrona
794 3823 935 3904 quaedam
958 3823 1024 3880 dato
1047 3833 1124 3897 pane
1141 3837 1264 3898 puerum

47 3921 168 3976 revocet.
200 3911 331 3974 llinedo
348 3911 529 3992 providentia
547 3909 653 3980 certior
668 3911 764 3972 lactus
787 3912 824 3970 ad
841 3909 969 3970 scholam
987 3905 1088 3984 rediit,
1114 3908 1209 3969 donee
1224 3907 1262 3966 ad

48 4000 225 4064 academiam
242 3998 452 4070 llrlordensem
467 4005 500 4062 se
518 3999 673 4061 conferret.
704 3997 860 4058 Erlordia'e
876 4014 952 4057 anno
968 3993 1073 4057 aetatis
1090 4011 1162 4056 nuuc
1178 3993 1261 4056 rice-

50 4088 116 4150 simo
133 4088 166 4150 iu
184 4085 362 4168 magistrum
379 4095 529 4168 promotus
542 4096 586 4150 est
602 4096 630 4149 et
643 4093 745 4168 postca
760 4085 886 4146 animum
903 4083 940 4144 ad
956 4082 1083 4144 studium
1093 4081 1171 4163 juris
1188 4085 1261 4142 cnu-

52 4173 128 4254 tnlit;
153 4177 207 4240 scd
222 4171 350 4238 toluiro
363 4173 658 4257 aliquandoterritns
674 4173 801 4242 studium
823 4171 900 4254 loris
917 4170 1025 4234 dimisit
1042 4181 1070 4232 et
1086 4168 1181 4230 sacris
1196 4178 1261 4230 stu-

54 4263 103 4325 diis
118 4283 152 4326 sa
167 4271 259 4326 tntum
272 4262 395 4326 descrit.
422 4263 523 4346 ltaque
539 4283 618 4324 anuo
634 4250 738 4324 rietatis
750 4258 951 4322 suaedeciuto
966 4255 1263 4330 secundoErlordiac

55 4351 143 4414 lactus
161 4359 211 4414 est
222 4351 384 4414 momulus
396 4349 631 4433 Augustinianus
648 4361 676 4413 ct
687 4348 783 4412 votum
801 4347 992 4410 monasticum
1008 4343 1107 4419 edidit,
1117 4343 1178 4404 'sed
1195 4342 1262 4404 odio

56 4437 202 4505 tortura
217 4437 360 4504 lre'triltue
378 4450 441 4520 eet,
466 4442 552 4522 quod
566 4439 597 4502 iu
609 4437 714 4503 'bibliis
730 4435 868 4517 legendis
882 4435 990 4498 ulmins
1003 4431 1167 4495 videretdn'
1192 4431 1263 4548 Post
1285 4451 1305 4473 ν
1391 4513 1393 4524 Α
