2944 4904
410 252 447 314 a
462 248 512 316 ae
527 237 816 316 nnn‘smoa.
1156 216 1229 350 'roe

60 423 127 483 edere
140 421 250 499 dehent,
267 421 316 504 qui
332 423 370 483 ad
386 440 472 486 nsum
489 433 519 486 et
533 423 775 488 consuetudinem
791 430 950 504 provocant
961 419 992 484 in
1009 427 1121 489 tuenda
1137 427 1234 511 hypo&

40 579 41 598 χ
59 509 110 583 hesi,
129 527 197 589 qnae
213 529 274 570 non
289 508 348 571 nisi
362 511 541 592 conjecturis
558 512 668 575 nitatur
684 531 740 574 neo
765 509 855 574 nllaru
879 511 985 574 habeat
1008 509 1247 580 hieroam-ert:

57 595 207 658 declamant
223 593 406 658 hdeirehur.
450 611 453 620 “

112 683 162 760 Qui
181 683 362 764 argumentis
378 693 492 765 tempus
510 684 669 748 oadritatis
686 683 795 747 Christi
814 693 925 746 certum
949 683 1122 748 condomare
1140 686 1235 750 dien-

56 789 89 848 ιιι
101 770 211 832 natalem
220 771 312 835 XXV.
323 765 487 834 deecrdhris
504 769 625 834 delinire
643 771 740 833 eonati
757 781 835 848 sunt,
852 771 893 833 ita
908 771 972 833 lere
989 773 1119 835 rationes
1138 773 1234 836 eolle-

55 866 135 933 gernnt.
150 858 291 920 Pontiien
301 859 444 921 maximus
463 861 540 940 apud
551 859 679 922 ludaeos
697 857 780 922 solus
796 859 884 940 idque
896 855 988 922 semel
1002 858 1032 920 io
1042 863 1120 922 anno
1129 869 1235 944 saneta

54 953 181 1006 sanctornm
197 945 437 1024 ingrediebatur,
462 955 495 1006 ot
518 945 672 1008 incensum
688 945 807 1008 offerret
823 947 905 1024 Deo,
931 945 978 1008 die
995 967 1100 1030 nempe
1119 949 1236 1012 decim

56 1027 118 1105 Tisri,
132 1053 200 1114 qnae
218 1032 276 1114 fait
292 1032 470 1112 expiationis
489 1033 552 1094 dies
570 1033 713 1095 sollennia
725 1033 817 1114 ‚(Ler.
837 1030 889 1108 16,
909 1035 1054 1113 12-133
1079 1037 1236 1116 29-30.)

54 1115 198 1196 Zachariam,
215 1129 328 1200 patrern
345 1119 497 1197 lobannis,
515 1119 680 1202 pontificem
697 1119 855 1184 maximnm
872 1129 941 1181 torre
957 1120 1066 1183 vidisse
1083 1121 1235 1203 angelum,

56 1222 98 1263 corn
118 1205 225 1267 offerret
248 1206 409 1268 incensant
427 1205 458 1266 in
486 1207 597 1269 sanetis
621 1217 788 1270 sanctornm
807 1208 898 1291 (Luc.
918 1205 946 1270 1.
965 1211 995 1270 9.
1016 1209 1080 1291 11.)
1098 1218 1126 1271 et
1148 1219 1235 1273 nocte

55 1293 151 1370 sequenti
166 1294 325 1356 lohanoenr
345 1304 525 1374 nuncapium,
541 1294 582 1356 ita
599 1304 630 1356 ιιι
645 1293 833 1376 praedixerat
849 1292 986 1374 angelus.
1018 1295 1103 1357 Dicar
1124 1305 1232 1375 antem,

56 1397 92 1452 ooo
104 1381 222 1460 apparuit
238 1378 382 1462 angelos,
400 1380 502 1456 fnisse,
521 1381 546 1443 si
566 1401 630 1442 cunr
647 1393 747 1444 nostro
765 1377 881 1444 calculo
898 1381 1051 1460 conferas,
1074 1381 1168 1447 XXV.
1184 1383 1234 1446 rel

56 1462 138 1528 hlllll.
153 1468 258 1532 mensis
275 1467 460 1548 septembris.
497 1467 589 1530 Sexto
607 1467 713 1531 deinde
730 1489 829 1531 mense
856 1467 944 1550 (Luc.
966 1467 996 1530 l.
1014 1467 1081 1550 26.)
1105 1469 1236 1532 Mariam

57 1553 186 1632 concepisse
208 1553 301 1618 XXV.
319 1554 415 1616 martii
437 1562 466 1616 et
481 1553 631 1636 peperisse
648 1548 750 1618 norem
774 1554 925 1618 mensibus
944 1553 1077 1635 expletis,
1105 1563 1139 1618 ut
1155 1559 1232 1620 adeo

57 1635 96 1697 lies
108 1641 199 1703 natalis
214 1641 307 1705 XXV.
326 1639 489 1702 decembris
506 1645 668 1709 secundum
687 1653 809 1706 naturae
827 1641 911 1722 leges
928 1642 1062 1703 habenda
1077 1643 1125 1707 sit.
1147 1642 1233 1708 Ube-

56 1721 144 1787 rioshoc
158 1737 360 1808 argumentum
370 1727 507 1808 exposuit
518 1727 791 1810 chrysostomns‘),
809 1727 1058 1792 consentientibus
1068 1730 1234 1813 Ambrosio,

57 1805 201 1893 Hieronymo,
218 1814 451 1896 Theophyla'oto,
466 1813 544 1894 aliis,
561 1815 602 1879 ita
619 1826 714 1878 tamen
731 1829 763 1877 nt
779 1815 888 1879 mensis
905 1825 1014 1877 tantum
1030 1815 1166 1880 habuerit
1182 1837 1234 1882 ra-

56 1893 128 1959 tionem
142 1921 191 1964 nec
206 1912 316 1964 certam
333 1901 391 1962 diei
408 1900 603 1965 definitionem
621 1903 777 1968 spreverit.
802 1903 861 1965 Sed
879 1923 964 1984 olnam
980 1900 1059 1966 falsa
1077 1913 1105 1965 et
1120 1903 1234 1967 incerta

56 1978 280 2067 hiesopponantrrr,
299 1988 407 2070 quibus
424 1989 539 2068 negatis
557 1983 617 2052 tota
633 1989 690 2051 rnit
707 1988 914 2052 demonstratio
933 1989 1063 2051 amnltis
1079 1999 1145 2070 post
1153 1989 1233 2054 Soa-

57 2061 206 2155 liger-nah),
226 2075 278 2156 qui
295 2075 372 2137 hauc
389 2075 523 2156 inprimis
540 2077 722 2157 oppugnavit
739 2076 923 2152 sententiam,
941 2086 1101 2140 ostensum.
1174 2157 1176 2164 Ι
1243 2101 1258 2138 ι

113 2159 144 2222 ho
156 2161 184 2222 in
199 2161 418 2244 ialsis‘quidem
435 2163 536 2225 rnerito
553 2183 762 2228 numeramus:
793 2165 817 2226 l.
843 2162 1017 2226 Zachariam
1035 2163 1233 2228 luisse-snm-

57 2253 298 2326 consacerdotem,
315 2251 401 2332 cujus
418 2249 570 2312 nocumenti
589 2253 677 2330 pudet
692 2251 788 2330 ipsum
807 2249 964 2312 Baroainm
975 2247 1049 2330 η*),
1078 2251 1232 2328 Quomodo

57 2327 107 2390 coin
119 2340 243 2399 sacerdos
261 2359 300 2400 ex
319 2335 415 2400 classo
433 2337 510 2399 dbia
528 2345 556 2398 et
580 2357 633 2416 per
655 2335 838 2398 sortitionem
856 2335 1016 2398 ministerio
1034 2357 1089 2397 sno
1102 2338 1233 2416 iungens

57 2432 89 2489 pro
102 2438 195 2486 sommo
217 2423 322 2488 haberi
340 2423 452 2504 possit?
479 2425 609 2486 Vocatur
625 2432 735 2484 tantum
753 2409 855 2500 inperio
872 2441 909 2482 ex
925 2419 1012 2500 plebe
1029 2421 1163 2484 nimirum
1179 2443 1232 2484 sa·

58 2505 174 2586 cordatum,
188 2511 235 2572 coi
249 2521 329 2573 sorte
345 2509 468 2590 contigit
483 2505 658 2589 λειτουργία
674 2507 793 2570 suffitus
810 2505 949 2584 farciendi,
967 2527 1032 2568 cunr
1049 2527 1162 2575 summo
1180 2527 1232 2571 sa-

58 2592 132 2654 cerdati
147 2605 171 2658 ot
185 2599 239 2660 soli
255 2597 371 2678 quidem
391 2595 534 2658 sollennis
551 2593 605 2658 illa
618 2593 785 2658 ceremonia
802 2592 875 2655 citra
892 2603 1000 2656 sortem
1018 2615 1055 2657 ex
1068 2593 1165 2678 officio
1182 2594 1232 2656 in-

58 2679 173 2744 tonheret.
188 2685 293 2749 Annon
309 2683 438 2746 suffitum
448 2684 547 2746 facere
566 2691 649 2745 extra
666 2683 762 2745 velum
780 2679 919 2762 pertinuit
936 2683 972 2743 nd
991 2681 1112 2764 quosvis
1127 2701 1232 2745 saeer-

58 2757 187 2832 dotessorte
202 2775 236 2834 ad
254 2771 284 2832 id
302 2771 456 2834 delectos?
474 2771 512 2834 Ut
529 2779 642 2832 taceam
658 2769 733 2832 alios
752 2789 873 2851 prorsus
891 2769 1050 2850 alosepho
1068 2768 1146 2831 circa
1157 2769 1232 2831 illud

58 2853 136 2927 leopos
151 2857 363 2921 commemorari
379 2859 548 2920 sacerdotes
566 2879 707 2920 summos.
722 2855 860 2919 Nominat
869 2854 904 2932 h)
927 2853 1086 2931 Simonem,
1103 2855 1231 2918 Herodis

59 2949 163 3017 cocorum,
177 2943 328 3020 Mathiam,
345 2946 511 3020 dandarum,
533 2943 787 3006 nnllaZachariae
804 2963 841 3004 ne
857 2940 1006 3004 levissima
1022 2941 1137 3022 quidem
1146 2962 1232 3005 merr-

59 3015 109 3083 tiooe
121 3027 226 3109 injecta.
260 3031 298 3094 11.
316 3033 450 3110 Tempus
467 3031 538 3108 illud
557 3029 708 3093 ministerii
727 3027 891 3092 Zachariae
908 3039 936 3088 et
954 3019 1178 3112 e'voypelcopori
1196 3029 1232 3090 de

59 3115 206 3203 incoeptione
221 3117 364 3180 lobannis
381 3117 526 3198 baptistae
542 3117 639 3178 fnisse
657 3117 732 3178 diem
749 3117 856 3180 festum
875 3113 1061 3208 expiationis.
1083 3111 1168 3176 Haec
1184 3113 1233 3174 ui·
1312 3149 1316 3156 ·

59 3207 130 3260 uorum
150 3201 317 3269 sollemnitas
342 3225 402 3266 uno
426 3205 472 3266 die
496 3204 552 3270 init
576 3200 713 3266 absoluta
738 3203 825 3284 (Len.
851 3199 902 3278 16,
926 3201 1100 3280 29-30.),
1118 3209 1232 3284 ternpus

58 3289 123 3344 huten
138 3288 295 3369 ministerii,
314 3312 372 3372 quo
389 3291 508 3354 functus
526 3301 570 3354 est
593 3289 767 3366 Zacharias,
795 3298 858 3350 erat
875 3297 939 3349 octo
957 3289 1069 3350 dierum
1087 3289 1175 3364 (Luc.
1202 3287 1232 3364 l,

59 3362 307 3448 bilisarium
322 3377 405 3438 illum
420 3376 685 3440 fuissesolleonem
703 3387 730 3438 et
747 3371 1138 3454 connirersariom(Lev.16,
1151 3372 1233 3454 12.);

59 3454 187 3524 quasivero
204 3465 367 3526 nominarit
383 3463 499 3527 suffitus
517 3463 703 3545 quotidianus
722 3461 755 3544 (l
767 3461 876 3522 Chron.
892 3457 945 3534 23,
956 3456 1112 3540 28-30.)
1127 3461 1233 3537 Ange-

59 3529 89 3594 los
107 3550 224 3626 apparuit
247 3553 284 3614 ad
309 3553 439 3613 dextram
456 3549 557 3614 altaris
573 3549 700 3627 snlfitus,
719 3549 796 3628 opnod
813 3554 890 3610 certe
906 3543 969 3606 fieri
987 3563 1050 3604 nou-
1061 3552 1175 3623 poterat
1197 3564 1232 3606 eo
1317 3597 1321 3604 ,

59 3625 157 3704 tropario
171 3648 325 3715 momento,
342 3657 400 3719 qno
417 3637 449 3699 in
465 3647 567 3706 sancto
584 3646 752 3702 sanctorum
771 3642 834 3696 erat
857 3630 1029 3694 Zacharias.
1060 3628 1132 3690 Fuit
1156 3629 1234 3698 eninr

59 3704 123 3776 altare
137 3722 243 3786 suffitus
261 3735 344 3788 extra
361 3722 458 3787 relunr
476 3734 504 3786 et
520 3727 607 3806 adyta
622 3734 726 3787 sanata
743 3720 919 3807 collocatum
929 3713 1063 3801 (lonso,
1077 3718 1104 3779 1.
1115 3717 1145 3780 6.
1156 3717 1234 3798 10.),

59 3794 80 3854 ll
94 3804 156 3878 quod
169 3814 330 3876 exeundum
345 3821 407 3874 erat
423 3811 570 3882 sacerdoti
586 3811 710 3892 summo,
726 3827 837 3872 cornua
859 3804 1007 3886 sanguine
1024 3823 1231 3903 conspersum.

55 3951 250 4009 “’···-τ-·
313 3997 317 4004 ,

62 4144 77 4192 ΡΙ
91 4067 382 4204 dplpdsepprpntaphbpltce
399 4080 449 4171 che
466 4070 612 4150 γενέθλιον
630 4077 738 4153 ἡμέραν
755 4081 804 4134 τοῦ
824 4077 945 4148 σωτῆρος
964 4069 1043 4144 ἡμῶν
1070 4077 1101 4131 Τ.
1120 4075 1152 4130 V.
1172 4087 1230 4148 opp.

106 4208 118 4238 l
420 4200 424 4216 l
722 4217 729 4232 e
878 4215 884 4228 e

106 4209 1036 4356 dl,⁰,⁰ppppjpput3op,3·,33337123515333333pop-,gap
1047 4216 1233 4349 illlam.
1274 4293 1277 4297 ·

63 4335 79 4385 l·
93 4340 142 4398 haee
157 4354 297 4420 conjecturor
317 4358 440 4426 explosa„
1020 4384 1022 4388 -

109 4412 134 4480 'd
150 4417 228 4492 hoaq.
253 4430 296 4492 ιο,
318 4430 360 4480 10.
381 4425 438 4494 (ed.
457 4423 570 4480 florem.
590 4423 623 4478 Τ.
641 4423 663 4484 Ι.
683 4439 709 4492 p.
727 4421 804 4489 798.)
823 4428 851 4476 et
869 4422 930 4476 loca
948 4419 985 4473 ihi
1006 4419 1097 4472 eltuto.
1167 4441 1169 4456 ι
1204 4457 1211 4463 .,

40 4543 41 4552 1
96 4501 250 4570 tho-uana
263 4518 395 4564 aaran
796 4565 802 4570 ,
1013 4502 1035 4562 8
1095 4569 1098 4574 .
