2916 4904
1246 267 1295 342 vir

83 441 167 542 ugit³
189 436 355 542 requirat}
379 429 465 527 quod
485 439 607 506 factum
629 445 682 507 est
704 440 789 506 hanc
802 417 849 506 ¹ob
872 457 1025 507 cansam:
1049 445 1296 530 comprobaret

83 527 260 614 bibliopola
277 528 462 594 institutum
481 537 600 628 metm)
619 525 732 592 titulos
749 524 929 594 libellorum
962 528 1108 616 inprimis
1126 531 1294 618 minorum,

83 615 232 700 singulos
262 615 490 701 antiquitatum
513 613 771 680 'chnstianarum
801 613 893 680 locos
920 573 1171 702 illustrandum,
1202 617 1296 683 oolli-

83 699 203 788 gendi,
235 721 300 768 non
332 699 604 788 acquiescendum
634 719 711 766 esse
746 701 875 786 putavit
904 701 937 768 in
967 701 1009 768 iis
1041 701 1295 790 pertractandis,
1366 743 1367 750 κ

83 808 222 874 quorum
244 789 277 852 in
297 787 453 854 thesauro
476 781 581 854 tieret*
591 787 730 875 mentio,
761 786 822 854 sed
843 806 969 854 ornnem
991 806 1059 856 rem
1082 787 1196 854 ordine
1218 807 1296 855 esse

82 873 366 962 persequendam,
388 894 461 940 non
488 875 624 942 excluso
646 873 755 940 indice
775 873 976 962 libellorum,
998 873 1166 941 historiam
1188 876 1233 940 N.
1255 875 1296 940 Τ.

82 981 214 1028 sacrorn
232 963 474 1048 exponentium.
519 961 607 1028 Huic
626 961 728 1046 igitur
750 960 925 1027 leborino
948 961 1098 1050 accinxi,
1118 981 1183 1028 non
1205 959 1304 1028 sem-¹

51 1070 54 1074 ¹
81 1068 142 1135 per
163 1047 339 1136 expedito,
365 1054 400 1116 et
422 1061 485 1134 quo
504 1067 664 1114 successu
687 1067 756 1114 rem
777 1047 917 1135 egerim,
947 1048 1134 1114 testimonio
1153 1049 1199 1114 sit
1219 1047 1296 1115 the-

81 1155 181 1202 sauro
198 1137 325 1202 inserta
340 1155 421 1222 pars
432 1133 555 1202 indicis
570 1135 671 1222 illius,
688 1135 877 1221 propediem
894 1133 1061 1202 emittendi
1078 1139 1124 1222 et,
1140 1135 1171 1200 si
1185 1133 1296 1202 dicere

82 1222 133 1288 ias
155 1227 223 1310 est,
244 1222 503 1308 locupletissimi.
541 1220 611 1289 Sed
631 1227 748 1308 agetur
769 1220 831 1288 bac
854 1219 951 1290 dere
973 1221 1121 1307 pluribus
1141 1221 1175 1286 in
1197 1241 1297 1308 prae-
1379 1295 1385 1298 ,

82 1309 383 1396 lationecatalogo
407 1308 483 1374 huic
504 1307 760 1396 praemittenda,
783 1309 838 1395 qni
861 1309 1033 1376 maximnm
1057 1313 1183 1394 partem
1206 1309 1296 1396 typis

78 1397 360 1484 jamexsen'ptus
382 1402 444 1462 est.
479 1442 481 1450 .
522 1441 528 1450 .

156 1481 305 1550 indices
325 1482 555 1570 locupletiores
577 1484 685 1572 parati
705 1477 836 1570 ¹quidem
855 1487 966 1572 erant,
993 1482 1164 1570 suppressi
1186 1487 1296 1550 tamen

78 1576 164 1638 sunt
188 1571 414 1638 consentiente
446 1569 619 1656 bibliopola
626 1595 639 1657 5
667 1589 709 1636 ne
735 1569 882 1655 injusto
905 1573 1062 1657 majorem
1092 1569 1207 1636 rnolcnr
1234 1578 1297 1636 ex·
1351 1613 1353 1622 κ

83 1663 255 1726 cresceret
271 1658 355 1724 liber
374 1657 537 1742 nimioque
559 1663 693 1743 propter
709 1661 827 1724 auctos
848 1662 998 1744 sumptus
1016 1657 1131 1744 pretio.
1144 1656 1297 1725 deterre-

82 1751 210 1813 rentur·
223 1745 449 1811 emturientes.
487 1746 560 1808 Nec
585 1743 668 1810 adeo
691 1742 886 1810 videbantur
907 1745 1108 1832 necessarii,
1131 1763 1204 1810 cunr
1225 1744 1296 1810 sin-

87 1833 240 1918 gularum
261 1831 466 1917 plagularnm
482 1830 746 1916 inscriptionibus
764 1826 903 1899 subinde
921 1851 980 1918 pro
998 1851 1105 1898 rerum
1126 1832 1297 1918 exposita·
1414 1877 1417 1902 ι

87 1935 162 1986 rum
191 1917 527 2008 varietatesmutatis
554 1915 773 1984 commoditati
803 1917 960 1984 lectorum
988 1919 1073 1984 satis
1098 1919 1170 2002 jam
1200 1915 1297 1984 vidcss

88 2013 182 2074 retur
204 2005 397 2072 consultum.
435 2004 597 2070 Paneiora
618 2004 719 2089 igitur
741 2003 820 2074 duta
841 2005 968 2084 suntin
986 2003 1165 2092 indicibus,
1188 2008 1224 2070 nt
1242 2009 1297 2070 ta·

83 2113 160 2160 men·
181 2111 299 2160 nornen
319 2091 581 2178 ininscriptione
599 2091 672 2156 libri
692 2092 1076 2158 contractumsolvatur.

158 2180 280 2248 -Unum
297 2177 386 2268 -depi
410 2197 450 2244 ue
480 2177 603 2244 addere
618 2177 742 2244 liceat.
781 2177 900 2265 Operis
926 2177 1170 2265 typothetarum
1192 2177 1296 2266 inspi-

84 2265 215 2336 ciendis
239 2267 367 2352 corrige
413 2266 507 2350 isque
528 2265 600 2350 ipse
623 2263 757 2354 assedi3
789 2265 875 2352 qnod
896 2285 1032 2353 moneo,
1060 2286 1103 2332 ne
1125 2264 1212 2332 forte
1235 2267 1296 2331 ob-

84 2352 245 2419 trudatur.
269 2353 344 2439 niti,
359 2413 368 2417 -
382 2351 468 2438 qood
501 2351 564 2416 hoc
583 2352 628 2416 *in
662 2369 787 2436 genere
820 2358 990 2437 peceatum
1020 2351 1295 2438 deprehendatur.
1365 2379 1368 2388 ¹

91 2438 224 2504 Confido
250 2437 400 2526 quidem,
437 2441 565 2522 majora
592 2457 677 2522 qnae
702 2457 836 2502 sensum
867 2439 998 2502 turbent
1026 2457 1090 2502 non
1121 2437 1296 2522 irrepsisse

9 2529 18 2538 ”
89 2515 275 2614 σφάλματαὶ
295 2525 420 2593 minora
438 2530 546 2589 tamen
564 2521 787 2588 condonentur
802 2521 1017 2588 imbecillitati
1033 2521 1205 2610 hnmanae,
1224 2541 1297 2589 curn

84 2612 137 2680 bis
158 2612 322 2679 inrebus
352 2612 406 2678 vel
436 2609 752 2696 perspicacissimam
780 2607 1078 2686 oculorumaciern
1101 2641 1143 2694 -e
1166 2628 1231 2676 rron
1255 2608 1296 2676 de

85 2704 209 2766 memet
231 2699 304 2785 ipso
325 2699 441 2785 loquor
472 2733 510 2746 -
543 2696 706 2783 permulta
734 2695 863 2764 soleant
885 2699 1042 2782 effugere.
1061 2696 1126 2776 :ln
1154 2698 1296 2778 nraxirna

83 2786 218 2872 singula
245 2785 357 2852 verba
379 2781 544 2852 scribendi
574 2781 769 2850 diversitate
794 2785 828 2850 in
853 2787 920 2850 tam
950 2784 1053 2850 variis
1084 2783 1224 2874 libellis,
1253 2803 1296 2850 ex

83 2875 205 2960 quibus
219 2871 486 2938 'hoc-conflatum
509 2874 562 2939 est
584 2869 755 2957 volumen,
786 2889 884 2937 unum
906 2869 1109 2956 eundemque
1131 2869 1297 2954 scribendi

85 2967 237 3026 tenorem
265 2977 401 3026 servare
424 2958 551 3024 animus
571 2956 700 3044 quidem
727 2963 820 3041 erot3
851 2955 920 3042 sed
934 2955 1021 3044 quod
1047 2955 1136 3022 volui
1160 2978 1224 3024 non
1244 2955 1323 3024 me'

86 3066 165 3114 esse
181 3051 371 3111 assecutum
388 3046 529 3130 ingenue
546 3043 711 3111 confiteor.
732 3043 969 3130 Appendicem
985 3041 1162 3109 literarium
1179 3045 1212 3108 in
1229 3050 1296 3110 tam
1338 3068 1342 3074 ¹

8 3213 9 3216 Ἴ
84 3133 390 3220 magnanominom,
405 3131 660 3218 praenominum,
675 3131 832 3218 locorum,
846 3149 1002 3197 annorum
1016 3137 1080 3197 etc.
1092 3127 1298 3196 multitudine

83 3239 150 3286 non
161 3221 306 3286 liberam
323 3219 484 3284 mansisse
499 3218 540 3283 ab
558 3218 723 3285 erroribus
741 3219 844 3284 variis
871 3237 1065 3303 persuasum
1080 3216 1196 3285 habeo.
1225 3217 1296 3286 Sed
1322 3217 1328 3227 “

81 3306 274 3373 haedere
310 3307 374 3372 uti
397 3308 468 3389 jam
498 3301 717 3391 dictumest,
748 3305 811 3369 alio
841 3264 913 3370 ioco
936 3309 971 3370 et
998 3312 1146 3456 tempore
1168 3311 1296 3392 agetur.

81 3393 171 3459 Nolo
193 3396 261 3478 jam
278 3349 422 3459 lectores
440 3391 562 3458 diutins
580 3386 700 3457 morari
719 3409 897 3478 eorumque
915 3389 1005 3458 abuti
1025 3411 1067 3478 pa

81 3483 119 3545 nt
139 3479 338 3565 bibliopolae
356 3479 497 3565 inceptis
519 3485 553 3545 et
570 3479 653 3546 meis
675 3477 823 3566 faveant,
847 3479 944 3544 enixe
963 3496 1056 3564 rogo.

160 3591 366 3697 [scribebant
383 3617 536 3706 Lipsiae,
558 3613 714 3694 Calendis
734 3617 855 3705 loliis,
875 3615 1167 3687 mococxnvn.

285 3779 290 3785 ’
442 3861 446 3868 .
696 3807 794 3883 nr.
816 3807 862 3890 n.
885 3805 940 3884 n.
962 3807 1290 3928 voroourng.

1084 3391 1202 3483 iontia3
1225 3411 1295 3482 eos,
