2962 4898
291 235 438 330 douiuien
453 264 557 348 gaudii
571 263 806 358 Christianorum
822 265 945 348 pasebe.
1057 322 1064 333 ,
1159 243 1225 330 287

13 447 94 522 ptum
118 445 200 515 erat,
224 458 289 512 curu
313 461 417 522 regunt
441 439 547 524 Syriae
570 436 692 522 irnperio
709 435 862 502 Palestina
885 437 1019 522 subjecta
1043 447 1123 517 erat,
1146 444 1223 522 quoti

14 523 140 590 Romani
165 523 303 588 diuturno
328 547 393 590 usn·
412 527 621 605 eoulirnraturn,
643 547 710 589 nuru
728 547 791 588 earn
807 526 837 588 iu
855 527 1026 608 potestaten
1044 547 1127 588 suam
1145 531 1225 592 uerli-

16 625 129 695 gereut,
147 612 379 694 deprehendisse
395 615 547 692 ridentur,
571 615 658 697 itique
674 626 784 677 mutare
800 615 877 676 baud
895 611 1061 677 consulturo
1080 633 1147 678 esso
1160 616 1226 695 rati,
1301 657 1304 664 -

16 702 155 763 intantum
166 700 360 784 reliquerunt.
381 703 535 765 Caeterum
551 700 607 765 boa
623 721 641 764 a
658 701 789 764 moribus
806 701 1004 766 Rornanorum
1022 697 1225 767 uou‘alienuru

15 789 127 864 luisse,
153 788 231 854 sat.
257 789 336 852 Van
360 787 425 852 'l'il
450 790 479 850 iu
504 789 684 852 Matthaeuru
713 792 750 852 ai
771 792 798 852 b.
814 789 834 852 1.
851 792 989 852 obseurat
1005 801 1034 853 et
1049 792 1085 852 atl
1103 790 1227 868 Digesta

16 886 164 959 proruent,
180 875 211 937 iu
228 875 336 958 quibus
353 879 391 940 nd
407 877 535 939 Senatus
561 877 724 940 euuseltuur
741 876 958 958 Turpillianum
975 877 993 938 Ι.
1019 873 1051 940 8.
1078 877 1225 942 definitum
1322 943 1331 950 ,

17 975 79 1040 est,
106 961 292 1026 abolitionem
309 975 359 1026 aut
374 964 491 1046 publice
506 964 568 1027 lieri
586 967 623 1026 ub
640 965 715 1027 diem
735 965 881 1044 insignem
899 963 943 1027 rol
960 963 1106 1045 publioaur
1122 976 1226 1046 grutu-

17 1052 154 1114 lationem
178 1048 227 1112 rel
252 1052 289 1112 ob
317 1073 377 1114 reru
399 1071 538 1133 prospere
554 1061 679 1132 gestaru.
711 1051 866 1134 liquibus
889 1051 1041 1128 omnibus,
1066 1061 1124 1114 taus
1150 1073 1226 1135 quae

17 1141 93 1220 apud
113 1137 336 1226 antiquissimus
355 1147 471 1221 gentes,
489 1147 575 1220 quan
594 1156 670 1222 quae
696 1143 774 1222 apul
791 1141 968 1218 Hebraeos‚'
984 1145 1072 1220 nuans
1090 1141 1226 1222 denique,
1348 1189 1354 1204 „

18 1248 92 1310 quae
111 1225 140 1286 iu
159 1225 281 1306 irnperio
299 1238 356 1290 tarn
384 1227 516 1289 orientali
535 1247 620 1310 quarn
639 1226 811 1289 occidentali
831 1227 859 1288 in
881 1248 939 1290 usu
954 1227 1091 1306 fuerunt,
1123 1228 1151 1289 in
1170 1232 1226 1291 ab·

17 1317 94 1376 unde
113 1313 309 1390 confirmatur,
327 1315 355 1375 in
374 1335 505 1376 summae
522 1314 649 1377 laetitiae
666 1314 824 1396 eximiique
845 1315 947 1396 gaudii
971 1314 1089 1396 signum
1112 1316 1226 1379 aiuotos

19 1402 159 1464 dimissos
174 1401 278 1478 fuisse,
297 1413 325 1464 et
340 1401 538 1486 imperatores,
556 1402 604 1484 qui
619 1401 818 1477 intonantes
829 1399 1159 1484 paschaleslnetis'siruu
1175 1403 1226 1466 illo

19 1491 62 1552 abe
78 1511 136 1572 per
153 1509 252 1553 ornnes
270 1489 384 1571 inperii
401 1489 447 1552 ani
465 1489 632 1571 provincias
648 1489 825 1566 indixerunt,
847 1489 876 1551 ia
895 1493 930 1551 ad
949 1489 1103 1568 sumtuum,
1120 1513 1178 1574 quo
1199 1492 1227 1554 et

18 1577 73 1660 ipsi
92 1589 223 1660 ternpore
240 1575 371 1659 pasobali
388 1578 562 1642 fruebantur
579 1577 696 1640 elalius
712 1577 771 1640 frui
788 1579 927 1659 optabant
951 1577 1091 1658 gaudium
1109 1577 1226 1658 signib—
1344 1601 1354 1613 ⁸

19 1668 145 1728 eandum
173 1665 346 1750 suscepisse
370 1675 398 1730 et
425 1665 469 1729 sie
493 1667 594 1728 borum
620 1671 736 1748 quoque
755 1663 879 1747 sapienti
898 1665 1021 1728 consilio
1039 1676 1067 1729 et
1083 1661 1228 1735 laudabili

18 1751 153 1817 instituto
170 1753 280 1838 paseha
296 1775 364 1818 roro
375 1753 444 1833 tuit,
466 1757 543 1837 quod
562 1773 630 1818 esso
647 1755 739 1832 debet,
758 1755 895 1854 minino
910 1756 1017 1834 poelli.
