2916 4904
372 237 381 254 .
474 274 511 335 de
528 249 607 336 abso
629 271 825 338 mundonis.
960 307 967 319 ι
1212 268 1277 364 ll

43 445 224 508 antennae.
250 442 655 510 Pontificiihoeiestomnlta
664 443 922 510 ridiculalscinnt.
947 443 1141 508 Retertcnim
1150 445 1259 512 Thoas.

43 527 214 610 Naogeorg.
231 530 263 592 iu
275 531 373 612 Repu.
390 532 495 614 papist.
510 533 552 612 4.,
569 536 646 614 quod
662 533 783 596 infesto
799 531 984 596 ascensionis
1001 531 1159 613 quemlibet
1173 535 1259 597 soln-

44 639 114 680 cseus
140 619 299 682 comedere
318 619 486 698 oportuerit.
520 622 624 683 Addit:
648 623 797 684 boudscio
813 643 869 702 quo
892 629 1014 702 psopter.
1047 617 1117 680 lte·
1135 621 1260 700 quadis

44 704 157 784 templis
174 704 294 785 pesitus
310 705 348 766 sit
363 715 495 780 truncus,
508 706 558 788 qni
569 705 719 771 Christum
730 707 840 770 scierat
853 716 882 770 et
896 725 1014 770 sussum
1031 705 1121 768 inerit
1137 713 1259 786 tractus,

44 812 94 872 quo
112 799 238 871 peracto
266 792 366 871 imago
384 793 585 856 Satanae'luit
608 795 702 875 ejecta
727 804 755 855 ct
777 794 936 875 discerpta.
966 794 1036 856 ltem
1060 795 1137 874 quod
1153 813 1191 855 ex
1206 813 1261 856 sua

43 877 146 957 periori
165 875 276 958 templo
294 879 409 942 oblatae
423 880 534 942 luerim
548 899 689 962 sparsae,
706 901 780 962 quas
798 883 864 942 dnm
883 879 1008 964 populus
1026 889 1124 960 raptat
1137 899 1215 962 equs
1228 880 1261 942 is

45 985 89 1026 eos
105 964 309 1044 profunditur.
345 969 479 1043 Tandem,
495 968 600 1048 inquit,
617 969 714 1045 mites·
727 965 828 1047 snep'so
843 970 949 1044 fabella
966 971 1110 1030 caehinno.

120 1051 224 1113 Dies
249 1053 511 1132 rogationum.
558 1054 645 1117 Circa
662 1075 690 1119 a.
707 1054 775 1117 cnr.
790 1054 864 1116 446.
883 1053 1014 1118 Viennae
1031 1055 1060 1114 ia
1079 1051 1178 1115 Gallis
1193 1073 1261 1116 css-

45 1139 91 1200 bsa
106 1137 235 1200 fuerunt
250 1137 404 1217 incendia,
429 1140 542 1204 assidui
567 1151 661 1204 terrae
679 1151 773 1203 molus
797 1151 825 1202 ct
841 1141 974 1203 nocturni
992 1141 1123 1214 sonitus,
1148 1139 1218 1222 qnia
1233 1148 1262 1202 et

44 1221 100 1304 lupi
115 1223 200 1288 inter
214 1225 327 1288 medios
343 1225 476 1290 homiues
493 1228 524 1288 in
534 1228 600 1308 ipsa
615 1232 690 1290 urbe
701 1229 966 1290 circumcurrernot
983 1247 1092 1309 cosque
1102 1225 1263 1290 insinuat.

46 1311 121 1386 Quae
140 1311 246 1374 omnia
259 1332 369 1390 ganam
382 1323 510 1376 terrores
527 1315 641 1378 ciuibus
658 1315 789 1379 Viennae
812 1316 1016 1388 incusserunt,
1034 1316 1126 1374 donec
1142 1313 1262 1392 vigiliae

45 1397 199 1477 paschales
217 1401 371 1478 adessent,
395 1401 425 1462 in
442 1410 527 1464 nocte
543 1402 692 1483 paschali,
708 1423 773 1464 cnm
791 1421 876 1464 sacra
892 1413 1034 1463 nocturna
1052 1401 1170 1476 herent,
1187 1408 1262 1462 tem-

46 1483 118 1563 plum
135 1485 239 1566 ipsam
256 1487 355 1548 subita
371 1487 488 1550 damma
504 1489 644 1570 corripuit
667 1487 853 1570 populusque
876 1488 970 1550 omnis
987 1509 1004 1550 e
1021 1487 1127 1568 templo
1143 1507 1176 1549 se
1192 1507 1262 1568 prod

45 1569 137 1651 ripuit.
174 1571 271 1634 Solus
293 1574 450 1655 episeopus
466 1575 635 1639 Mamercus
657 1595 753 1638 curam
777 1576 861 1637 altari
885 1575 1024 1655 precibus
1046 1573 1154 1636 insistit
1170 1582 1199 1635 et
1216 1573 1262 1636 ls-

45 1678 208 1739 crpnsarnns
224 1659 343 1722 iluusiac
365 1661 465 1741 ignens
491 1662 656 1743 restinguit.
691 1663 794 1743 Sopita
818 1663 887 1742 igno
910 1661 1039 1742 populns
1064 1663 1100 1722 ad
1124 1659 1263 1740 templum

44 1743 200 1807 receditur
215 1755 244 1808 et
260 1747 395 1810 accensis
411 1748 479 1809 bino
496 1749 564 1811 inde
580 1749 748 1826 inminibus,
762 1750 794 1810 in
811 1749 975 1831 symbolum
992 1748 1131 1825 laetitiae,
1149 1745 1263 1827 gratias

46 1833 104 1894 lleo
121 1832 279 1896 Servatori
304 1835 374 1914 agit.
406 1835 440 1896 ln
465 1838 631 1898 memoriam
659 1837 700 1898 sei
725 1847 827 1916 gestae
844 1837 1011 1899 Mamercus
1028 1835 1092 1896 alies
1107 1832 1264 1914 snpplica-

47 1917 151 1982 tionnna
169 1918 316 1996 instituit,
340 1920 388 2001 qui
406 1921 522 2002 quidem
539 1922 569 1984 in
592 1923 674 1986 initio
695 1945 761 1986 cum
783 1924 859 1984 festo
882 1923 1031 2004 paschatis
1055 1921 1176 1983 inerunt
1191 1939 1264 1980 coss-
1340 1963 1344 1972 .

45 2005 143 2084 juncti,
160 2008 216 2068 sed
232 2006 322 2085 paulo
338 2018 423 2087 post,
448 2029 485 2071 ue
503 2009 600 2072 luctus
618 2021 646 2073 et
660 2011 774 2092 jejunia
790 2012 929 2090 gandium
954 2010 1082 2090 paschae
1106 2005 1264 2087 intercipe·

47 2104 114 2170 rent,
131 2092 277 2156 selectum
295 2105 339 2156 cst
353 2095 480 2158 triduum
496 2095 577 2173 illud,
595 2101 671 2179 qnod
688 2099 763 2160 diens
788 2097 972 2162 ascensionis
996 2095 1129 2176 proxime
1145 2101 1265 2156 antece-

48 2179 95 2241 dit.
127 2180 275 2257 Quamvis
293 2201 363 2242 vero
380 2183 550 2246 Mamercus
567 2185 597 2246 in
612 2185 772 2248 Viennensi
797 2195 908 2248 tantum
926 2184 1053 2247 ecclesis
1067 2185 1142 2244 haee
1158 2181 1200 2242 ita
1214 2179 1265 2240 in-

49 2265 208 2343 stituisset,
224 2265 416 2330 nihilominus
440 2291 499 2332 non
517 2279 627 2334 tantum
645 2271 760 2348 Gallia,
785 2275 837 2332 scd
857 2283 916 2334 tota
932 2270 1059 2333 ecclesia
1075 2265 1266 2330 accidentalis

50 2352 104 2411 hus
120 2351 368 2432 supplicationum
384 2356 447 2420 dies
461 2358 580 2438 recepit,
599 2361 708 2438 quade
725 2379 755 2418 re
770 2357 801 2418 in
826 2358 929 2420 concil.
944 2355 1082 2430 Mopunt.
1098 2355 1154 2414 boc
1169 2361 1266 2413 statn-

54 2446 112 2498 tusn
126 2438 284 2505 hahemus:
310 2448 378 2504 dunt
396 2448 495 2506 Gallia
518 2448 593 2524 lepis
613 2447 794 2520 infestaretur
817 2465 866 2504 neo
886 2444 970 2519 bap'us
994 2442 1098 2519 pepedi
1117 2440 1267 2500 remedians

51 2536 128 2604 acet
143 2534 263 2608 episcopi
282 2532 396 2592 Galliae
411 2538 569 2610 cosmati
585 2533 707 2592 triduans
726 2531 863 2607 §paratam
885 2533 1035 2608 quotannis
1050 2528 1143 2602 [aare
1156 2533 1265 2586 amno-

50 2624 121 2690 nsnt,
139 2620 189 2695 spesi
205 2617 265 2677 dies
281 2625 378 2696 pecten
394 2620 536 2680 celebritas
552 2639 649 2680 annuo
663 2619 735 2693 secti
757 2627 834 2677 suat.
866 2619 993 2694 Aponius
1006 2620 1091 2693 ipitan
1105 2623 1131 2673 et
1147 2633 1200 2674 nes
1215 2629 1266 2673 ro-

51 2705 190 2775 potionum
205 2705 266 2764 dies
283 2724 343 2764 eant
356 2725 466 2767 masma
482 2707 640 2782 deeoboae,
657 2725 719 2765 cuns
734 2705 902 2765 abstinentia
917 2723 936 2764 a
952 2723 1053 2776 earne,
1072 2721 1134 2762 onos
1149 2700 1266 2761 Manili·-

51 2797 100 2848 tnte
115 2790 228 2866 cordis,
253 2803 309 2852 non
325 2801 356 2852 nt
381 2794 502 2854 visibiles
525 2796 622 2873 lupos,
644 2795 693 2853 sed
716 2793 866 2853 invisibiles
891 2795 949 2852 sice
971 2789 1129 2851 immundos
1151 2791 1268 2867 spiritus

50 2879 208 2942 modenana.
241 2881 330 2938 Nemo
346 2899 396 2957 pes
411 2882 463 2940 bos
478 2881 537 2941 dies
550 2889 652 2941 uestem
666 2885 817 2958 pretiosam
834 2880 941 2949 inducat,
958 2883 1024 2956 qula
1040 2883 1070 2937 in
1085 2895 1166 2958 saone
1182 2883 1208 2934 st
1223 2877 1267 2934 oi-

50 2982 107 3024 asre
120 2967 218 3042 lupera
234 2973 294 3026 tuns
308 2967 444 3028 debemus.
471 2973 560 3028 Nemo
574 2989 624 3046 pes
639 2970 689 3028 bos
705 2967 764 3027 dies
778 2967 935 3040 inebrietur,
947 2985 1025 3024 nenao
1042 2967 1165 3040 epuitm
1180 2979 1267 3038 prae-

49 3061 146 3128 nnat,
164 3052 216 3112 sed
233 3052 407 3115 discalceatis
419 3055 532 3132 pedibas
556 3074 649 3115 omnes
664 3055 794 3121 inondant
809 3062 835 3112 et
851 3058 879 3112 in
896 3056 1033 3113 oomnsssni
1049 3051 1150 3108 titania
1165 3053 1269 3107 ausast

51 3143 189 3218 bamque
206 3157 258 3217 pso
274 3145 393 3217 pacatis
407 3147 477 3216 sais,
492 3161 544 3220 pro
559 3163 637 3222 pace,
655 3161 705 3221 pro
720 3151 805 3222 peste,
820 3159 871 3220 pro
883 3137 1081 3200 consumendis
1097 3134 1226 3213 stirpibus
1242 3141 1269 3192 et

47 3247 94 3303 pro
111 3231 214 3288 aetem
230 3231 291 3286 suis
306 3229 513 3288 nmecsitettbns
528 3230 713 3308 deprecentur.
747 3233 815 3288 Dies
830 3233 902 3288 enine
917 3229 1100 3288 absinentiae
1113 3232 1195 3297 cacat,
1213 3237 1270 3281 non

49 3313 181 3393 loetitiae,
201 3321 289 3392 psuut
304 3313 377 3376 baec
395 3314 464 3375 citat
479 3314 616 3395 lbhegino
632 3317 668 3376 dc
685 3313 759 3375 disc.
776 3313 848 3376 ecel.
861 3331 892 3374 c.
908 3312 984 3374 228.

132 3400 299 3460 Festum
321 3399 354 3462 S.
379 3400 515 3463 Masei.
547 3401 575 3483 b.
595 3401 624 3464 l.
655 3399 842 3462 DiesMarei
866 3392 1269 3476 in25.aprilisdieminci-

49 3486 94 3550 dit.
127 3481 204 3548 Fuit
219 3495 316 3548 autem
340 3486 373 3550 S.
390 3487 513 3550 Marcus
528 3489 614 3569 juxta
630 3485 828 3568 Epiphaniam
846 3505 884 3547 ex
898 3483 951 3546 70.
970 3481 1141 3560 discipulis,
1159 3479 1193 3538 S.
1209 3479 1270 3540 Pc-

50 3573 80 3634 tri
95 3571 228 3655 apostoli
247 3591 353 3651 comes,
370 3574 496 3654 scriptor
513 3573 676 3655 evangelii,
695 3574 771 3654 quod
786 3571 912 3633 nobilem
928 3569 1037 3632 inntens
1053 3567 1083 3628 in
1100 3585 1214 3627 canone
1230 3565 1270 3630 N.

50 3659 87 3720 Τ.
108 3662 210 3724 adhue
234 3660 393 3725 constituit.
425 3661 573 3742 Scriptum
591 3671 686 3724 autern
711 3669 758 3723 cst
774 3655 960 3739 evangelium
977 3654 1071 3718 blanci
1099 3653 1155 3714 hac
1181 3671 1271 3715 occsa·¹

52 3747 143 3812 sione.
177 3747 253 3810 Cum
276 3745 383 3810 Petrus
400 3747 514 3812 Romae
538 3752 671 3824 doceret,
697 3747 844 3810 auditores
868 3756 925 3808 tam
948 3740 1072 3806 studiosi
1097 3739 1270 3802 concionum

51 3833 126 3898 Petri
141 3835 274 3910 fueraut,
289 3845 322 3896 ut
337 3835 470 3898 Marcum
487 3837 568 3898 Petri
586 3836 719 3898 comiteur
734 3835 877 3897 instanter
892 3828 1062 3910 rogaverint
1077 3827 1237 3890 doctrinam
1252 3845 1271 3887 a

51 3921 138 3984 Petro
153 3921 289 3984 uaditarn
305 3921 336 3982 in
352 3921 452 3984 literas
468 3923 588 4001 referre,
601 3943 723 4004 quornm
737 3921 873 4002 precibus
889 3919 1028 3980 inductus
1041 3916 1164 3979 Marcus
1180 3933 1272 3977 evan·
1380 3980 1382 3984 ,

52 4010 163 4088 galium
179 4008 319 4085 coadidit,
336 4018 422 4088 prout
438 4009 528 4072 refert
543 4010 683 4072 lnoaaeus
699 4008 732 4089 2,
752 4012 801 4072 14.
833 4004 984 4070 Eusebius
1000 4003 1089 4083 addit,
1106 3999 1272 4086 apostolom

52 4095 187 4173 Pennas,
203 4096 269 4160 niso
286 4093 440 4177 euangelio
456 4095 570 4174 Masei,
595 4096 724 4158 studiana
746 4095 919 4158 auditonnn·
934 4093 1036 4156 borum
1053 4091 1271 4172 comprobasse,

55 4181 243 4265 evangelium
258 4182 355 4246 Marci
371 4181 561 4246 confirmasse
585 4193 613 4246 et
628 4193 660 4246 at
675 4184 706 4245 in
723 4182 849 4246 ecelesia
864 4180 1014 4259 legeretur
1026 4179 1164 4261 jussisse.
1194 4173 1273 4238 Hinc

57 4283 114 4348 ess,
139 4273 219 4354 qnod
235 4267 441 4334 Menullianns
464 4271 650 4352 evangelium
665 4271 761 4332 Marci
786 4266 973 4348 evangelium
988 4266 1067 4329 Petri
1089 4261 1216 4346 appellet
1231 4263 1273 4340 (c.

56 4356 237 4424 Marcionem
252 4357 285 4437 t,
300 4361 345 4440 2.)
378 4358 554 4422 Athanasius
571 4358 601 4420 in
627 4357 748 4442 synopsi
764 4376 820 4420 sua
836 4353 1022 4435 evangelium
1037 4351 1134 4415 Marci
1151 4348 1272 4446 aPetso

59 4445 211 4527 dictatum,
234 4449 288 4510 sed
311 4445 448 4510 aMereo
472 4445 670 4528 praedicatam
694 4445 793 4508 salust.
824 4443 900 4507 Sunt
915 4439 1048 4505 nonnulli
1072 4437 1203 4516 quidem,
1221 4451 1273 4510 qus
1390 4523 1392 4526 Ι
