2916 4904
193 277 240 348 w
270 311 273 316 ·
516 311 519 316 ·
622 331 625 342 .
655 278 691 342 G.
713 277 748 340 0.
769 275 806 337 L.
828 274 950 342 Franks
1046 277 1049 289 '

196 453 342 518 ecclesiae
368 451 558 534 disciplinam
579 450 742 531 pertinent,
764 449 847 514 velut
861 443 1005 512 bonorum
1029 446 1260 510 communionem
1286 447 1368 528 (rtet.
1385 444 1421 526 2,
1446 435 1447 496 l

196 541 362 620 44-45.),
378 539 450 602 nibil
468 538 553 600 tradit
569 539 604 598 de
621 539 679 599 diei
696 537 833 600 dominici
851 537 1048 600 celebratione
1064 532 1253 610 ncnl’aulus,
1270 535 1327 596 etsi
1343 555 1420 596 see-

195 630 263 713 pius
280 631 316 691 de
333 628 417 691 lestis
434 625 537 687 diebus
554 627 648 706 deque
674 627 865 688 conuentibus
883 625 1115 686 Christianorum
1141 624 1177 684 ad
1199 623 1315 706 sensnm
1343 642 1422 684 coo·
1446 621 1447 660 ἶ

195 735 264 780 num
282 715 485 790 celebrandam
502 711 642 774 institutis
657 713 791 789 disserit,
819 715 860 793 (r.
879 733 905 776 c.
924 715 951 774 l.
970 711 1038 773 (lor.
1055 707 1087 788 9,
1108 712 1147 770 17
1162 711 1219 794 ss.)
1236 730 1291 776 nee
1307 709 1424 771 Petrus

195 823 294 886 noque
310 802 388 862 ullus
404 821 441 862 ex
457 799 592 861 omuibus
608 801 645 862 N.
662 801 700 862 'l'ss
718 801 909 880 scriptoribus
935 799 1092 879 quidquam
1116 801 1152 858 de
1177 798 1263 878 injus
1281 796 1340 858 diei
1359 799 1423 858 clr-

195 889 362 954 soraaticne
378 887 534 967 perspicue
550 887 630 949 dicit.
654 887 705 948 Sic
722 888 807 948 etiarn
820 887 918 948 nullus
933 888 1011 948 lruuc
1028 886 1114 961 aliem,
1126 905 1184 965 quo
1202 884 1423 964 posteasigni-

195 978 301 1041 beatus
318 985 362 1036 est
377 973 509 1041 nomine.
534 969 555 1052 ἡ
574 968 705 1056 supinari
721 970 838 1054 ἡμέρα,
861 976 913 1040 sel
931 976 1009 1053 apud
1025 975 1153 1036 ludaeos
1169 971 1293 1050 usitato,
1319 966 1339 1052 ἡ
1359 974 1424 1047 μία

196 1057 293 1142 siner}
310 1052 418 1142 πρώτη
437 1081 479 1124 sc.
494 1055 593 1142 ἡμέρα
610 1059 673 1121 τῶν
687 1053 866 1144 σαββάτων,
877 1060 1013 1142 appellat,
1024 1063 1101 1142 quod
1113 1069 1208 1120 tameu
1224 1058 1422 1120 fauersham!

196 1147 412 1230 neglexissent,
428 1149 453 1209 si
472 1167 509 1208 eu³
522 1148 581 1226 jam
600 1159 728 1229 tempore
745 1149 792 1210 laic
808 1148 871 1211 dies
887 1149 958 1209 illud
976 1167 1080 1208 nomen
1097 1146 1250 1208 habuisset
1267 1149 1304 1223 *l
1338 1148 1423 1209 Nam

195 1238 248 1300 ubi
261 1250 289 1299 et
300 1237 416 1317 quando
424 1234 582 1298 Christiani
592 1256 695 1297 nomen
707 1235 979 1316 suum'aoceperint,
990 1235 1196 1296 nerratLucas
1206 1233 1337 1311 (dctnl-l,
1347 1233 1424 1316 26).

283 1323 331 1386 Ex
347 1341 433 1384 sacra
448 1322 540 1402 igitur
556 1323 715 1402 scriptura,
726 1333 759 1384 ut
774 1321 820 1385 rel
839 1343 875 1384 ex
891 1322 945 1400 iia,
963 1342 1038 1404 quae
1054 1324 1089 1384 de
1105 1321 1238 1383 libertate
1252 1319 1424 1384 'christiana

196 1410 422 1492 disputavimus,
446 1418 542 1490 potest
565 1409 707 1488 intelligi,
731 1409 785 1472 viri
804 1411 879 1472 rlooti
905 1409 1077 1472 sententiam
1102 1428 1203 1484 sunm,
1228 1407 1422 1471 Christianos
1447 1412 1448 1480 ζ

194 1500 255 1582 jam
267 1495 472 1578 Apostolorum
490 1505 618 1576 tempore
636 1497 711 1560 diem
728 1497 903 1558 dominicum
917 1497 1094 1573 celebrasse,
1112 1498 1237 1576 probare
1253 1505 1421 1577 nequeunt.
1447 1507 1448 1518 ¹

121 1651 126 1672 ,Ι
196 1585 361 1648 Proponant
378 1584 495 1664 quidem
518 1586 555 1645 ad
580 1584 700 1665 singula
720 1585 836 1646 illorum
853 1585 946 1660 dieta,
971 1587 1022 1666 sed
1048 1584 1145 1644 omnia
1157 1583 1282 1644 iulrane
1299 1605 1362 1645 rem
1380 1587 1422 1646 ab

196 1671 272 1752 ipsis
295 1671 413 1733 laudata
436 1669 510 1732 nihil
534 1675 676 1752 probare,
697 1672 788 1732 'tertia
813 1673 907 1753 capite
929 1671 1184 1734 dennoustrabitur.
1224 1672 1322 1732 Lubet
1339 1673 1422 1734 enim

197 1768 285 1828 antea
299 1767 414 1840 patrum
429 1761 612 1839 quorundam
629 1758 897 1822 ecelesiasticorum
912 1757 1125 1843 afferrepllatn,
1138 1778 1213 1838 quae
1229 1760 1267 1820 ad
1285 1768 1422 1822 aeterum

198 1845 430 1908 Christianorum
447 1846 476 1905 in
493 1847 588 1907 sacris
607 1847 782 1926 peragendis
797 1847 942 1928 pertinent
957 1845 1130 1912 libertatem.
1154 1885 1157 1892 ι
1199 1909 1219 1927 „

285 1931 372 2012 Cap.
391 1933 428 1994 ll.
473 1933 753 2012 Delibertate,
772 1935 899 2015 quain
923 1935 1045 1996 rebus
1071 1933 1420 2012 sacrisperugeu-

112 2020 119 2028 '
172 2013 259 2082 xdis
281 2020 489 2100 pollebant
506 2029 664 2083 veteres
681 2021 926 2098 Cirristinui,
951 2020 1198 2101 posterioris
1221 2023 1421 2100 temporis

135 2157 138 2161 .
198 2105 441 2168 testimonia.
484 2106 699 2169 Firmissimuru
717 2107 876 2185 libertatis,
902 2127 978 2189 quae
995 2107 1026 2168 iu
1042 2128 1138 2170 rorum
1154 2127 1306 2170 sacrarum
1321 2109 1421 2170 aesti-

196 2191 324 2254 matione
336 2193 681 2266 cernitnr‚testimonium
699 2192 877 2258 Socratas
894 2194 1035 2276 perhibet
1052 2195 1422 2264 Nnmcrteminteerri-

197 2280 310 2342 suanos
326 2281 539 2344 dissensionem
558 2285 593 2344 de
617 2283 685 2344 festi
708 2282 858 2362 paschatis
882 2282 1076 2344 celebratione
1101 2281 1285 2362 aliorumque
1308 2282 1421 2346 rituum

119 2415 122 2426 ,
198 2368 401 2430 obseruatione
419 2389 666 2432 comrrremoraus:
684 2372 885 2452 „nusquam,“
906 2369 1003 2451 inquit
1021 2367 1421 2451 **)1‚„ueoltpostolusneo

196 2455 364 2537 Equngelia
387 2455 536 2522 servitutis
557 2459 661 2539 jugum
693 2456 754 2520 illis
779 2459 998 2539 iarposuerunt,
1030 2458 1078 2538 qui
1104 2461 1140 2518 ad
1165 2451 1418 2538 praedicationem
1448 2519 1449 2526 ,

197 2543 346 2621 evangelii
363 2546 559 2620 accedebaut;
576 2548 627 2606 sed
644 2545 794 2625 paschatis
819 2546 924 2606 festum
942 2541 1075 2626 aliosque
1099 2545 1191 2608 festos
1213 2545 1275 2604 dies
1290 2544 1417 2606 arbitrio

197 2629 397 2710 aequitatique
413 2651 524 2706 eorum,
542 2631 591 2710 qui
608 2631 750 2692 beneficia
767 2631 827 2691 illis
845 2633 949 2693 diebus
966 2643 1158 2712 acceperant,
1184 2629 1318 2693 colendos
1336 2629 1418 2692 reli-

106 2782 108 2789 ,
197 2722 333 2794 querunt.
365 2715 492 2774 Proinde
509 2717 645 2795 quoniam
672 2718 803 2778 homines
820 2719 914 2780 festos
932 2720 995 2779 dies
1012 2729 1122 2796 ament,
1147 2729 1315 2800 propterea,
1332 2724 1418 2798 quod

196 2802 331 2862 laborum
348 2801 550 2863 remissionem
567 2802 641 2881 ipsis
658 2803 792 2881 afferunt,
809 2803 931 2883 singuli,
948 2807 1012 2868 suis
1030 2808 1153 2888 quisquc
1170 2802 1417 2882 lenissumus

196 2886 346 2970 passionis
362 2887 545 2965 memorium,
563 2889 650 2951 sicuti
666 2891 837 2968 voluerunt,
855 2913 891 2953 ex
908 2896 1122 2956 cousuetudine
1139 2897 1263 2976 quadarn
1279 2892 1420 2956 celebra-

194 2985 274 3037 runt.
306 2975 410 3056 Neque
427 2975 504 3038 enirn
521 2975 661 3038 Servatur
675 2979 731 3038 hoc
747 2999 842 3060 aeque
854 2978 985 3060 Apostoli
1002 2984 1218 3044 observandum
1234 2981 1319 3043 nobis
1336 3002 1418 3061 esse,

195 3063 264 3142 lege
280 3060 380 3141 aliqua
396 3065 587 3138 mandarunt3
604 3084 702 3144 neque
713 3085 835 3146 poenam
852 3078 902 3128 aut
917 3067 1093 3148 supplicium
1108 3078 1161 3130 aut
1176 3069 1418 3150 imprecationem

145 3190 152 3202 .
195 3148 363 3227 Evangelia
378 3147 427 3209 vel
443 3147 595 3228 Apostoli,
614 3151 700 3212 sinuli
714 3154 838 3215 ludaeis
855 3153 905 3216 lex
922 3155 1036 3233 Musis,
1052 3157 1136 3218 nobis
1154 3169 1222 3218 sunt
1238 3157 1419 3221 comminati.

195 3234 305 3298 Verum
321 3233 588 3303 historiootanturn
603 3243 706 3317 uredo,
733 3244 768 3302 ud
786 3242 972 3322 opprobrium
990 3244 1176 3318 ludaeorum,
1194 3247 1271 3325 quod
1287 3243 1419 3306 hornini-

195 3321 275 3390 dium
292 3319 396 3382 diebus
412 3321 496 3384 festis
512 3327 705 3404 exercuerint,
716 3327 746 3388 in
765 3329 927 3410 euangeliis
942 3330 1065 3396 relatum
1078 3342 1131 3409 cst,
1144 3331 1328 3394 Sernetorem
1343 3353 1420 3412 pas-

144 3431 159 3452 *
196 3429 261 3469 sum
277 3427 348 3470 esse
371 3408 475 3472 diebus
492 3432 668 3494 azymorum.
704 3415 820 3496 Quippe
843 3417 1023 3498 propositum
1039 3417 1069 3479 id
1094 3428 1155 3480 erat
1171 3419 1339 3500 Apostolis,
1356 3441 1419 3481 aon

194 3504 227 3558 ut
242 3497 278 3557 de
293 3495 398 3560 diebus
411 3497 495 3560 festis
511 3499 595 3579 leges
611 3501 730 3580 ferrent,
749 3507 799 3565 sed
820 3514 850 3565 ut
865 3513 972 3567 reolum
989 3505 1076 3568 vitam
1094 3516 1122 3568 et
1139 3507 1271 3586 pietatem
1290 3508 1419 3568 iuduce-

194 3591 269 3646 rent.
303 3585 345 3646 Ac
363 3585 431 3646 milri
449 3585 564 3666 quidem
581 3588 710 3668 uidetur,
728 3591 1050 3674 queruadmodumsalia
1073 3591 1165 3655 multa
1187 3594 1314 3674 singulis
1339 3594 1419 3656 loeis

152 3847 154 3853 ,
197 3789 289 3841 Moses
305 3793 381 3855 culm,
399 3792 491 3858 iuquit,
506 3793 567 3861 jam
583 3797 644 3846 inde
661 3813 678 3846 a
694 3789 793 3863 pristin
817 3798 913 3851 seculis
938 3814 987 3864 per
1009 3800 1283 3864 stapulas-ciuitates,
1302 3803 1347 3866 qai
1372 3804 1419 3870 ἰρ-

194 3861 536 3996 enuntiantis
552 3865 1418 3990 iimdiiai'dliii“³rii'iiisilii‘ii'iiiiiifta‘iii‘

193 3998 283 4063 quart,
296 4011 370 4076 ,mnu
384 4001 476 4078 eperat
494 3999 528 4049 ab
546 4002 700 4067 alieuipau's
725 4005 811 4054 ransart
825 3953 1060 4072 'yvonem-quarob
1078 3953 1222 4060 &uorsus
1247 4021 1298 4056 sarr
1315 3956 1417 4072 artasia:

194 4081 272 4132 quarn
291 4079 319 4114 au
333 4066 453 4131 pradasco
471 4067 635 4120 conuentibus
654 4071 759 4132 Moses,
778 4073 819 4122 itu
837 4079 867 4122 ut
885 4070 918 4123 ab
939 4077 1046 4141 antiquo
1064 4075 1166 4140 facttum
1185 4082 1235 4138 ert,
1255 4076 1369 4140 lepidum
1391 4087 1418 4129 et

193 4135 294 4200 quietem
312 4131 441 4185 settara.
478 4133 548 4186 Nihil
569 4137 647 4200 igitur
671 4138 697 4187 in
719 4139 767 4189 laec
791 4140 888 4206 synodo
913 4142 1013 4192 ratione
1038 4143 1141 4193 subbati
1161 4143 1339 4208 immutatum,
1365 4159 1417 4196 nec

143 4229 151 4236 -
194 4201 310 4276 addendo
337 4216 383 4250 aee
410 4201 584 4266 detrahendo,
613 4205 726 4272 nihilque
746 4207 777 4258 de
797 4209 837 4258 die
863 4209 989 4260 dominico
1015 4217 1239 4263 commemoratum
1260 4218 1315 4274 est,
1339 4213 1417 4276 cujus

191 4276 284 4320 tumen·
297 4270 392 4320 mentio
410 4270 478 4321 lruud
489 4272 565 4324 dubie
576 4273 647 4324 laeta
664 4283 744 4340 esset,
758 4277 779 4326 ui
799 4291 854 4327 earn
873 4277 918 4328 illo
935 4277 988 4342 jum
1007 4286 1122 4346 tempore
1140 4281 1239 4348 puriter
1256 4286 1334 4346 utque
1354 4283 1417 4333 sub-

190 4337 281 4389 butum
291 4339 476 4390 celebrassent
494 4339 700 4394 christianici.
720 4361 821 4412 quoque
839 4343 904 4396 Pbil.
923 4345 981 4398 lac.
1002 4345 1181 4400 llurtmeuu
1192 4363 1227 4398 us
1245 4347 1264 4398 l.
1275 4348 1294 4398 l.
1310 4364 1336 4416 p.
1350 4353 1415 4404 383.

190 4435 209 4456 .;
241 4404 290 4474 ”l)
307 4405 350 4490 De·
363 4408 420 4458 loco
436 4407 570 4492 lobauneo
588 4411 668 4477 Apoc.
692 4420 716 4477 t,
741 4418 781 4467 tt).
801 4413 869 4466 turra
889 4415 946 4466 llaec
963 4415 1128 4473 disseremus.

256 4474 386 4544 illsllrst
407 4478 512 4542 coel-5,
530 4479 843 4552 22..(ed.·.ldogunt.).p.,
860 4486 948 4537 adds:
1042 4503 1070 4537 a:
1204 4529 1210 4536 .
1237 4529 1241 4536 .
1278 4510 1280 4518 ι
