3006 4894
223 285 299 357 ’118
631 289 659 354 J.
673 287 710 354 0·
724 285 1033 364 Mau
1121 331 1127 338 -

232 459 455 529 wau-t
489 459 696 545 licaoniis!
717 459 817 528 tete&
841 457 1139 543 modusicam
1159 457 1273 538 laisan,
1297 459 1447 524 cunni
1493 469 1494 478 ’

231 547 437 614 metutam
461 569 611 614 musena
637 553 854 634 conprobatur.
898 549 978 614 iiilril
1006 555 1105 612 temon
1133 546 1244 613 cnudi
1263 545 1448 630 spencerus.

232 637 438 702 esserto-cs
455 637 542 716 euin,
557 639 643 702 Mosa
654 637 728 702 illos
743 639 837 704 inissa
853 639 978 721 priores,
992 657 1062 700 aum
1079 655 1120 703 ou
1133 635 1198 719 ipso
1208 635 1355 700 &mamm
1373 635 1447 700 satis

231 733 263 790 ct
276 727 314 788 ad
325 724 471 807 liquidum
487 727 657 807 perductam
679 733 742 805 est,
765 726 843 807 ipsis
860 725 947 790 atissa
966 723 1142 808 patriarchis
1160 731 1214 795 aut
1232 723 1382 806 aequales
1399 735 1449 786 aut

172 871 176 884 .
231 831 334 878 scm!
349 831 427 878 asts
440 811 554 896 pliores
566 813 660 890 inisse
675 835 764 896 neges
778 813 957 897 Aegyptios,
981 812 1032 896 qui
1047 810 1101 876 illo
1125 811 1267 876 lotionunr
1282 831 1400 894 genere
1415 831 1447 876 se

137 967 139 976 ,
231 900 414 984 mutuati
492 944 495 952 ·

319 1018 348 1112 d.
364 1021 397 1086 ll.
432 1020 492 1085 Sed
510 1015 570 1086 slis
585 1021 617 1084 in
633 1031 748 1106 promtu
764 1018 915 1104 Spencero
929 1019 996 1106 tela
1011 1029 1094 1099 sunt,
1117 1019 1223 1106 quilius
1240 1041 1349 1084 nocere
1367 1021 1447 1086 velit.

187 1128 194 1142 ‘
232 1107 378 1174 Provocat
394 1109 431 1172 ad
449 1107 698 1188 MarciMarsilii,
717 1109 832 1173 Natalis
850 1107 981 1186 Comitis,
997 1106 1130 1172 Filesaci
1148 1119 1175 1172 et
1190 1107 1324 1188 aliorum,
1342 1109 1397 1194 qui
1413 1111 1448 1172 de

232 1195 333 1284 Syris,
350 1195 518 1282 Aegyptiis,
537 1194 660 1261 Graecis
677 1208 705 1261 et
720 1197 865 1260 Romanis
882 1197 939 1260 iarn
956 1194 1067 1278 pridem
1082 1195 1132 1260 isti
1149 1199 1327 1260 ludaeorum
1343 1197 1448 1260 lotioni

211 1283 403 1348 :consimiles
419 1283 492 1349 ritus
509 1295 695 1348 annotarunt.
729 1283 800 1350 lude
817 1305 938 1368 pronum
955 1304 1021 1348 esse
1037 1283 1154 1364 asserit,
1172 1282 1326 1368 colligere,
1340 1297 1449 1366 gentes

233 1371 324 1452 istas,
338 1371 470 1454 ingeniis
484 1373 607 1456 quippe,
624 1372 747 1454 linguis,
766 1373 896 1436 moribus
914 1383 941 1434 et
956 1375 1097 1434 terrarum
1114 1371 1216 1454 spatiis
1231 1369 1357 1436 multam
1374 1371 1451 1436 inter

120 1520 124 1528 .
234 1481 268 1526 sc
294 1457 432 1537 dissitas,
456 1457 488 1521 in
511 1460 585 1522 ritus
609 1460 698 1524 liuius
725 1459 957 1524 communionem
982 1474 1042 1522 non
1058 1459 1118 1522 alia
1142 1461 1179 1525 de
1204 1477 1295 1522 cansa
1327 1459 1449 1539 coiisse,

235 1568 323 1630 quarn
339 1549 415 1630 quod
433 1567 495 1610 caut
513 1569 532 1610 a
547 1547 691 1612 communi
708 1551 834 1630 qnodarn
849 1557 970 1630 parente
990 1565 1025 1609 ac
1047 1546 1177 1628 gendum
1193 1546 1377 1613 diversarum
1391 1569 1451 1610 an-

233 1647 313 1698 ctore
329 1633 485 1699 derivatam
501 1633 532 1696 in
548 1656 581 1698 sc
598 1633 792 1716 accepissem.
813 1638 881 1715 Qua
898 1634 1014 1718 quidem
1030 1634 1061 1696 in
1079 1633 1283 1716 disputatione,
1299 1634 1452 1698 sidentre

233 1721 411 1806 explicatur,
428 1721 499 1784 nihil
515 1732 576 1799 est,
594 1725 669 1806 quod
687 1723 945 1806 reprehendamus.
979 1721 1015 1787 St
1028 1721 1109 1786 'enim
1125 1721 1320 1784 communium
1335 1743 1451 1804 parcn-

234 1823 293 1874 tum
316 1807 433 1873 nomine
450 1809 684 1892 antiquissimum
702 1831 847 1893 quemque
871 1810 1117 1892 patriarcl'mrum,
1135 1811 1286 1874 Noscinm
1300 1821 1379 1890 'puta
1398 1821 1451 1874 aut

232 1897 362 1964 Enetum
378 1897 471 1982 etqui
488 1899 626 1980 deinceps
650 1921 688 1962 ex
705 1897 769 1961 eius
785 1897 897 1962 iarnrlia
912 1897 967 1961 orti
983 1907 1052 1961 sunt
1075 1897 1243 1980 cultumque
1259 1897 1317 1960 llei
1340 1919 1451 1982 purum

233 1987 284 2049 din
300 1993 464 2068 senuerunt,
479 1983 629 2068 intelligit,
644 1985 675 2048 id
691 1986 778 2048 sentit
796 2007 878 2066 suno,
897 1987 974 2068 quod
992 1995 1123 2048 nostrum
1139 2004 1224 2050 nemo
1236 2007 1349 2070 negare
1361 1987 1451 2068 ausit,

232 2072 358 2138 maxime
374 2093 439 2136 curn
455 2093 514 2135 usu
537 2082 696 2178 temporum
722 2068 903 2156 exploratum
926 2073 982 2153 sit,
1007 2083 1159 2156 posteros,
1183 2071 1235 2136 ubi
1260 2093 1279 2136 a
1301 2073 1451 2158 majorum

232 2181 353 2224 suorum
378 2157 570 2226 sanctimonia
592 2159 750 2241 insigniter
774 2163 1007 2248 degenerarunt,
1039 2179 1175 2226 mutasse
1203 2170 1299 2226 tannen
1329 2183 1452 2244 semper

234 2244 327 2332 prisci
344 2249 487 2330 quaedam
503 2247 578 2310 ritus
602 2247 745 2329 vestigia,
771 2243 972 2332 spurcissimis
996 2245 1064 2310 licet
1088 2247 1262 2331 corruptelis
1284 2246 1453 2331 inquinata.

233 2338 271 2400 At
294 2357 372 2400 nunc
390 2357 447 2418 quo
464 2343 550 2418 pacto
568 2335 704 2399 concludi
723 2358 759 2398 ex
785 2357 820 2402 co
838 2336 949 2420 possit,
973 2330 1048 2400 ritus
1064 2329 1239 2420 ,ludaeorum
1263 2337 1282 2398 a
1305 2337 1451 2420 gentibus

233 2425 366 2516 prolenis
378 2427 531 2490 traductos
548 2445 627 2512 esse,
642 2423 692 2488 ille
709 2421 822 2506 viderit,
840 2425 890 2508 qui
910 2426 988 2506 drgo
1006 2417 1223 2488 esi‘oculatior.¹
1293 2433 1298 2441 ”
1342 2469 1352 2475 -

318 2567 346 2652 ᾗ.
365 2566 417 2630 10.
440 2564 578 2628 Maxime
593 2573 689 2628 autern
706 2557 902 2636 infirnun'ec
918 2562 1089 2638 richildem,
1106 2566 1182 2646 quod
1199 2581 1312 2626 causae
1325 2563 1451 2628 adhibet

130 2726 134 2738 Ι
232 2673 322 2732 ause,
347 2654 559 2716 &usnemun
575 2653 761 2733 spencerus,
783 2673 853 2719 cnm
872 2675 913 2715 ox
934 2651 1008 2714 ritus
1024 2651 1113 2714 nutus
1127 2650 1334 2732 simplicitate,
1359 2673 1450 2734 quam

232 2753 393 2824 tantm
410 2739 738 2821 audquiorumsuditati
752 2739 884 2828 adprime
900 2737 1374 2804 consentaneamaccousorntenr
1385 2761 1451 2822 pn-

232 2839 284 2908 tat,
299 2828 405 2892 coelici
420 2848 511 2911 posse
525 2827 709 2909 pronunciat,
724 2829 854 2892 ludaeos
865 2849 924 2892 aon
940 2827 1109 2909 apairiirus'
1126 2827 1202 2908 suis,
1217 2829 1273 2890 sed
1287 2827 1328 2890 ab
1347 2837 1452 2892 exter-

231 2917 280 2978 nis
303 2914 421 2998 populis
444 2915 524 2978 illam
549 2914 667 2980 iacendi
693 2914 880 2987 acrimoniam
903 2934 971 2978 csse
1002 2923 1157 2978 mustos.
1203 2913 1346 2977 Solet-n
1371 2917 1451 2978 enim

232 3003 430 3081 ablutionem,
456 3023 514 3086 qna
535 3005 572 3064 ad
590 3025 658 3069 aras
674 3003 824 3069 accessuri
848 3001 1055 3066 consueverint
1072 3002 1131 3082 nti,
1157 3000 1323 3066 elarimime
1340 3005 1451 3066 docere

232 3092 283 3169 ait,
299 3089 373 3154 ritus
389 3091 476 3154 iuius
492 3098 628 3152 auctores
645 3089 770 3172 aliquem
788 3089 906 3174 quidem
921 3089 1038 3154 divinae
1054 3087 1226 3170 sanctitatis,
1243 3091 1300 3162 sed,
1312 3109 1450 3154 crassam

234 3179 390 3248 admodum
408 3188 436 3240 et
451 3175 623 3257 languidum
642 3198 760 3258 sensum
775 3177 927 3246 habuisse.
960 3175 1107 3252 lloleruns⁴
1119 3175 1227 3260 igitur,
1252 3198 1312 3239 non
1327 3179 1451 3244 venisse

234 3261 383 3346 Spencero
396 3264 431 3329 'in
453 3273 573 3326 mentem
592 3263 739 3344 recordari
758 3263 838 3344 eius,
865 3267 959 3350 quod,
983 3287 1040 3348 quo
1056 3264 1131 3338 ritus
1154 3265 1192 3328 sit
1208 3263 1389 3348 simplicior,
1417 3289 1450 3330 eo

233 3351 329 3434 tnagis
347 3349 503 3416 coelestem
520 3349 662 3432 originem
679 3351 789 3416 relerre
806 3353 948 3418 videatur.
984 3353 1068 3420 Deus
1085 3351 1161 3418 onim
1177 3374 1255 3430 cum,
1266 3347 1450 3436 purissimus

232 3461 267 3506 ac
289 3437 542 3524 simplicissimus,
565 3437 622 3504 iuro
645 3449 714 3504 veto
729 3439 805 3523 ¹ipsa
826 3437 939 3524 puritas
971 3439 1025 3520 sit,
1052 3462 1124 3522 puro
1154 3433 1300 3504 etinm'ac
1316 3441 1448 3524 simplici

232 3527 329 3594 antimo
346 3537 375 3592 et
389 3526 447 3592 ritu
463 3525 518 3590 coli
535 3527 573 3590 ab
589 3527 755 3596 hominibus
773 3537 801 3594 et
816 3527 925 3609 suscipi
942 3527 1043 3594 voluit.
1071 3527 1154 3598 Haec
1171 3550 1239 3592 nero
1256 3525 1376 3592 interna
1393 3529 1449 3592 iro-

232 3617 340 3682 minum
362 3614 526 3698 puniisset
549 3611 740 3696 simplieitaS,
764 3637 822 3698 qao
839 3609 904 3678 ¹alio
928 3613 1015 3696 signo
1042 3615 1207 3698 simplicius
1229 3621 1318 3698 atquc
1347 3616 1447 3699 aptius

232 3703 400 3785 adumbrari
415 3701 450 3768 ae
462 3700 604 3778 declarari
622 3713 742 3786 poterat,
760 3717 846 3785 quam
858 3724 944 3790 aqua,
961 3701 1098 3766 manilius
1112 3703 1294 3784 potissimum
1312 3703 1363 3766 vel
1381 3704 1446 3767 ideo

232 3786 573 3874 incaementatum
599 3811 689 3872 opere
713 3800 741 3852 et
765 3787 925 3853 ministerio
949 3811 1049 3854 omnes
1064 3789 1127 3856 fere
1153 3799 1292 3855 externas
1310 3790 1445 3856 actiones

231 3875 317 3960 horno
332 3877 473 3960 peragitl
496 3876 569 3940 Earn
587 3876 702 3958 quidem
720 3875 964 3960 dieamproiauis
981 3876 1245 3958 gentibusscrilrat
1261 3874 1444 3962 Spencerus,

231 3961 373 4044 languida
391 3965 488 4044 potius
505 3973 534 4044 et
549 3985 666 4043 crassa,
691 3963 777 4045 quam
793 3965 860 4028 riva
877 3974 904 4028 et
921 3957 1071 4028 veracius
1088 3964 1161 4040 ritus
1176 3965 1374 4046 intelligentia
1389 3967 1445 4028 irn-

160 4047 164 4053 “
231 4049 318 4134 butas
334 4047 445 4136 luisse,
464 4049 528 4134 pios
548 4062 641 4116 tamen
659 4062 688 4115 et
703 4060 799 4116 certos
817 4051 945 4115 numinis
963 4049 1141 4116 sanctissimi
1157 4052 1286 4116 cultores
1303 4073 1342 4134 ea
1358 4053 1444 4136 gari-

231 4157 283 4206 sos
301 4134 400 4203 credat
414 4148 536 4221 oportet,
553 4161 618 4203 curn
634 4138 775 4210 Davidem
789 4137 872 4216 audit
887 4159 924 4204 ac
937 4137 1044 4210 Johnm
1061 4138 1203 4218 dicentes,
1218 4162 1251 4203 se
1266 4139 1370 4214 lavare
1382 4161 1443 4206 non

182 4261 190 4273 .
232 4232 342 4302 tantum
358 4243 552 4306 menomenas
570 4226 875 4310 aqua,vernnretiam
893 4225 1069 4293 innocentia.
1101 4225 1309 4376 Sedgeutium
1326 4249 1440 4314 quoqne

232 4307 417 4400 camenarum
432 4309 533 4390 multis
545 4313 649 4378 iecerit
662 4312 809 4396 iniuriam,
827 4313 853 4380 si
870 4313 941 4378 nihil
957 4337 1011 4380 eas,
1021 4311 1102 4378 aliud
1119 4335 1177 4380 sua
1199 4313 1297 4381 otiose
1312 4315 1441 4390 ‚votuisse

231 4395 347 4476 dixerit,
365 4418 451 4480 qnam
468 4399 592 4478 gratiam
604 4400 660 4464 Dei
678 4397 798 4467 citerna
814 4406 938 4486 quadam
951 4402 1067 4486 justitia
1082 4411 1111 4467 et
1122 4398 1189 4466 sol'a
1204 4401 1290 4486 qnasi
1303 4422 1440 4468 manuum

231 4483 419 4552 mundatione
449 4483 613 4570 acquirere.
654 4489 829 4556 Meminisse
851 4486 929 4556 enirn
952 4491 1075 4556 decebat
1099 4511 1218 4578 eorum,
1251 4511 1330 4575 quaa
1354 4511 1440 4576 supra
