<?xml version="1.0" encoding="UTF-8"?>
<!DOCTYPE html PUBLIC "-//W3C//DTD XHTML 1.0 Transitional//EN"
    "http://www.w3.org/TR/xhtml1/DTD/xhtml1-transitional.dtd">
<html xmlns="http://www.w3.org/1999/xhtml" xml:lang="en" lang="en">
 <head>
  <title>
</title>
<meta http-equiv="Content-Type" content="text/html;charset=utf-8" />
  <meta name='ocr-system' content='tesseract 3.04.00' />
  <meta name='ocr-capabilities' content='ocr_page ocr_carea ocr_par ocr_line ocrx_word'/>
</head>
<body>
  <div class='ocr_page' id='page_1' title='image "./missing/thesauruscommen01volbgoog/thesauruscommen01volbgoog_0296.png"; bbox 0 0 2982 4892; ppageno 0'>
   <div class='ocr_carea' id='block_1_1' title="bbox 289 191 1384 316">
    <p class='ocr_par' dir='ltr' id='par_1_1' title="bbox 289 191 1384 316">
     <span class='ocr_line' id='line_1_1' title="bbox 289 191 1384 316; baseline -0.001 -13"><span class='ocrx_word' id='word_1_1' title='bbox 289 225 292 234; x_wconf 85' lang='lat'>&#39;</span> <span class='ocrx_word' id='word_1_2' title='bbox 385 195 889 316; x_wconf 60' lang='lat' dir='ltr'><strong>2te&#39;uotmotrert1srmiotsb.</strong></span> <span class='ocrx_word' id='word_1_3' title='bbox 1172 191 1271 301; x_wconf 31' lang='lat' dir='ltr'><strong>&#39;essa</strong></span> <span class='ocrx_word' id='word_1_4' title='bbox 1381 283 1384 290; x_wconf 53' lang='grc'>,</span> 
     </span>
    </p>
   </div>
   <div class='ocr_carea' id='block_1_2' title="bbox 31 403 1272 926">
    <p class='ocr_par' dir='ltr' id='par_1_2' title="bbox 31 403 1272 926">
     <span class='ocr_line' id='line_1_2' title="bbox 136 403 1272 490; baseline 0.009 -23"><span class='ocrx_word' id='word_1_5' title='bbox 136 403 312 478; x_wconf 73' lang='lat' dir='ltr'><strong>Etsiornets</strong></span> <span class='ocrx_word' id='word_1_6' title='bbox 326 415 408 470; x_wconf 73' lang='lat' dir='ltr'><strong>emes</strong></span> <span class='ocrx_word' id='word_1_7' title='bbox 424 405 500 472; x_wconf 83' lang='lat' dir='ltr'><strong>elluo</strong></span> <span class='ocrx_word' id='word_1_8' title='bbox 519 419 635 472; x_wconf 73' lang='lat' dir='ltr'><strong>ossum</strong></span> <span class='ocrx_word' id='word_1_9' title='bbox 650 407 707 474; x_wconf 71' lang='lat' dir='ltr'><strong>nm</strong></span> <span class='ocrx_word' id='word_1_10' title='bbox 729 411 807 473; x_wconf 81' lang='lat' dir='ltr'><strong>debet</strong></span> <span class='ocrx_word' id='word_1_11' title='bbox 818 419 913 474; x_wconf 84' lang='lat' dir='ltr'><strong>eorer&#39;e</strong></span> <span class='ocrx_word' id='word_1_12' title='bbox 927 409 1134 472; x_wconf 69' lang='lat' dir='ltr'><strong>auraemalae</strong></span> <span class='ocrx_word' id='word_1_13' title='bbox 1145 421 1272 490; x_wconf 68' lang='lat' dir='ltr'><strong>meamet</strong></span> 
     </span>
     <span class='ocr_line' id='line_1_3' title="bbox 31 493 1272 579; baseline 0.007 -25"><span class='ocrx_word' id='word_1_14' title='bbox 31 502 71 554; x_wconf 91' lang='lat' dir='ltr'><strong>ut</strong></span> <span class='ocrx_word' id='word_1_15' title='bbox 93 493 222 556; x_wconf 87' lang='lat' dir='ltr'><strong>Lecta</strong></span> <span class='ocrx_word' id='word_1_16' title='bbox 232 515 251 554; x_wconf 92' lang='lat' dir='ltr'><strong>n</strong></span> <span class='ocrx_word' id='word_1_17' title='bbox 262 495 345 556; x_wconf 87' lang='lat' dir='ltr'><strong>tius</strong></span> <span class='ocrx_word' id='word_1_18' title='bbox 355 495 401 558; x_wconf 86' lang='lat' dir='ltr'><strong>ait</strong></span> <span class='ocrx_word' id='word_1_19' title='bbox 415 499 454 578; x_wconf 66' lang='lat' dir='ltr'><strong>i),</strong></span> <span class='ocrx_word' id='word_1_20' title='bbox 471 495 642 560; x_wconf 74' lang='lat' dir='ltr'><strong>tansu&#39;boc</strong></span> <span class='ocrx_word' id='word_1_21' title='bbox 655 496 813 579; x_wconf 74' lang='lat' dir='ltr'><strong>praecipue</strong></span> <span class='ocrx_word' id='word_1_22' title='bbox 828 508 968 578; x_wconf 86' lang='lat' dir='ltr'><strong>tempore,</strong></span> <span class='ocrx_word' id='word_1_23' title='bbox 985 495 1186 579; x_wconf 62' lang='lat' dir='ltr'><strong>eromuino</strong></span> <span class='ocrx_word' id='word_1_24' title='bbox 1197 505 1272 578; x_wconf 78' lang='lat' dir='ltr'><strong>pasl</strong></span> 
     </span>
     <span class='ocr_line' id='line_1_4' title="bbox 33 575 1268 666; baseline 0.003 -26"><span class='ocrx_word' id='word_1_25' title='bbox 33 580 203 642; x_wconf 87' lang='lat' dir='ltr'><strong>hominum</strong></span> <span class='ocrx_word' id='word_1_26' title='bbox 221 575 389 644; x_wconf 84' lang='lat' dir='ltr'><strong>memoriam</strong></span> <span class='ocrx_word' id='word_1_27' title='bbox 407 583 550 650; x_wconf 84' lang='lat' dir='ltr'><strong>beneficia</strong></span> <span class='ocrx_word' id='word_1_28' title='bbox 567 597 595 648; x_wconf 83' lang='lat' dir='ltr'><strong>rt</strong></span> <span class='ocrx_word' id='word_1_29' title='bbox 611 585 781 648; x_wconf 83' lang='lat' dir='ltr'><strong>recolebant</strong></span> <span class='ocrx_word' id='word_1_30' title='bbox 797 595 825 646; x_wconf 93' lang='lat' dir='ltr'><strong>et</strong></span> <span class='ocrx_word' id='word_1_31' title='bbox 841 584 1021 666; x_wconf 73' lang='lat' dir='ltr'><strong>recipiebant</strong></span> <span class='ocrx_word' id='word_1_32' title='bbox 1036 595 1168 660; x_wconf 80' lang='lat' dir='ltr'><strong>veteres,</strong></span> <span class='ocrx_word' id='word_1_33' title='bbox 1188 594 1221 646; x_wconf 90' lang='lat' dir='ltr'><strong>ut</strong></span> <span class='ocrx_word' id='word_1_34' title='bbox 1236 584 1268 644; x_wconf 89' lang='lat' dir='ltr'><strong>in</strong></span> 
     </span>
     <span class='ocr_line' id='line_1_5' title="bbox 33 668 1267 754; baseline 0.002 -24"><span class='ocrx_word' id='word_1_35' title='bbox 33 669 158 732; x_wconf 89' lang='lat' dir='ltr'><strong>diebus</strong></span> <span class='ocrx_word' id='word_1_36' title='bbox 176 668 330 731; x_wconf 75' lang='lat' dir='ltr'><strong>dominicis</strong></span> <span class='ocrx_word' id='word_1_37' title='bbox 347 680 375 743; x_wconf 86' lang='lat' dir='ltr'><strong>et</strong></span> <span class='ocrx_word' id='word_1_38' title='bbox 397 669 481 734; x_wconf 84' lang='lat' dir='ltr'><strong>festis</strong></span> <span class='ocrx_word' id='word_1_39' title='bbox 500 672 589 734; x_wconf 90' lang='lat' dir='ltr'><strong>moris</strong></span> <span class='ocrx_word' id='word_1_40' title='bbox 608 683 686 751; x_wconf 83' lang='lat' dir='ltr'><strong>erut,</strong></span> <span class='ocrx_word' id='word_1_41' title='bbox 712 670 851 734; x_wconf 88' lang='lat' dir='ltr'><strong>liberales</strong></span> <span class='ocrx_word' id='word_1_42' title='bbox 869 693 941 750; x_wconf 76' lang='lat' dir='ltr'><strong>erga</strong></span> <span class='ocrx_word' id='word_1_43' title='bbox 967 691 1110 754; x_wconf 76' lang='lat' dir='ltr'><strong>pauperes</strong></span> <span class='ocrx_word' id='word_1_44' title='bbox 1127 691 1160 737; x_wconf 88' lang='lat' dir='ltr'><strong>se</strong></span> <span class='ocrx_word' id='word_1_45' title='bbox 1179 691 1267 752; x_wconf 90' lang='lat' dir='ltr'><strong>prae-</strong></span> 
     </span>
     <span class='ocr_line' id='line_1_6' title="bbox 32 755 1268 924; baseline 0 -105"><span class='ocrx_word' id='word_1_46' title='bbox 32 757 161 906; x_wconf 61' lang='lat' dir='ltr'><strong>belpant</strong></span> <span class='ocrx_word' id='word_1_47' title='bbox 177 757 296 924; x_wconf 44' lang='lat' dir='ltr'><strong>:uper</strong></span> <span class='ocrx_word' id='word_1_48' title='bbox 311 755 371 828; x_wconf 83' lang='lat' dir='ltr'><strong>alia</strong></span> <span class='ocrx_word' id='word_1_49' title='bbox 386 757 515 822; x_wconf 87' lang='lat' dir='ltr'><strong>caritatis</strong></span> <span class='ocrx_word' id='word_1_50' title='bbox 533 779 632 847; x_wconf 87' lang='lat' dir='ltr'><strong>opero,</strong></span> <span class='ocrx_word' id='word_1_51' title='bbox 648 781 676 826; x_wconf 82' lang='lat' dir='ltr'><strong>r.</strong></span> <span class='ocrx_word' id='word_1_52' title='bbox 688 781 714 824; x_wconf 90' lang='lat' dir='ltr'><strong>c.</strong></span> <span class='ocrx_word' id='word_1_53' title='bbox 726 759 972 838; x_wconf 75' lang='lat' dir='ltr'><strong>manumissiones</strong></span> <span class='ocrx_word' id='word_1_54' title='bbox 984 776 1149 838; x_wconf 76' lang='lat' dir='ltr'><strong>servornm,</strong></span> <span class='ocrx_word' id='word_1_55' title='bbox 1165 759 1268 845; x_wconf 73' lang='lat' dir='ltr'><strong>negli-</strong></span> 
     </span>
     <span class='ocr_line' id='line_1_7' title="bbox 34 851 1167 926; baseline 0.011 -20"><span class='ocrx_word' id='word_1_56' title='bbox 34 851 250 926; x_wconf 70' lang='lat' dir='ltr'><strong>genui..</strong></span> <span class='ocrx_word' id='word_1_57' title='bbox 815 856 818 865; x_wconf 75' lang='grc'><strong>“</strong></span> <span class='ocrx_word' id='word_1_58' title='bbox 978 857 979 860; x_wconf 66' lang='grc'>’</span> <span class='ocrx_word' id='word_1_59' title='bbox 1163 853 1167 860; x_wconf 64' lang='grc'>’</span> 
     </span>
    </p>
   </div>
   <div class='ocr_carea' id='block_1_3' title="bbox 7 965 1271 1498">
    <p class='ocr_par' dir='ltr' id='par_1_3' title="bbox 36 965 1271 1225">
     <span class='ocr_line' id='line_1_8' title="bbox 140 965 1271 1051; baseline 0.005 -25"><span class='ocrx_word' id='word_1_60' title='bbox 140 965 228 1042; x_wconf 76' lang='lat' dir='ltr'><strong>Quod</strong></span> <span class='ocrx_word' id='word_1_61' title='bbox 253 967 292 1028; x_wconf 92' lang='lat' dir='ltr'><strong>ad</strong></span> <span class='ocrx_word' id='word_1_62' title='bbox 315 969 480 1047; x_wconf 79' lang='lat' dir='ltr'><strong>aagendam</strong></span> <span class='ocrx_word' id='word_1_63' title='bbox 509 967 704 1030; x_wconf 68' lang='lat' dir='ltr'><strong>celebriorem</strong></span> <span class='ocrx_word' id='word_1_64' title='bbox 739 968 827 1050; x_wconf 78' lang='lat' dir='ltr'><strong>bajus</strong></span> <span class='ocrx_word' id='word_1_65' title='bbox 850 969 989 1051; x_wconf 86' lang='lat' dir='ltr'><strong>temperis</strong></span> <span class='ocrx_word' id='word_1_66' title='bbox 1011 970 1049 1030; x_wconf 80' lang='lat' dir='ltr'><strong>de&#39;</strong></span> <span class='ocrx_word' id='word_1_67' title='bbox 1077 968 1271 1048; x_wconf 75' lang='lat' dir='ltr'><strong>baptismiet</strong></span> 
     </span>
     <span class='ocr_line' id='line_1_9' title="bbox 36 1051 1267 1138; baseline 0.002 -22"><span class='ocrx_word' id='word_1_68' title='bbox 36 1051 248 1116; x_wconf 83' lang='lat' dir='ltr'><strong>eucharistiae</strong></span> <span class='ocrx_word' id='word_1_69' title='bbox 272 1075 330 1116; x_wconf 86' lang='lat' dir='ltr'><strong>usu</strong></span> <span class='ocrx_word' id='word_1_70' title='bbox 354 1057 541 1118; x_wconf 85' lang='lat' dir='ltr'><strong>constitutum</strong></span> <span class='ocrx_word' id='word_1_71' title='bbox 566 1055 635 1128; x_wconf 83' lang='lat' dir='ltr'><strong>luit,</strong></span> <span class='ocrx_word' id='word_1_72' title='bbox 660 1056 737 1118; x_wconf 68' lang='lat' dir='ltr'><strong>mens</strong></span> <span class='ocrx_word' id='word_1_73' title='bbox 761 1055 1103 1122; x_wconf 62' lang='lat' dir='ltr'><strong>eorumconsectaria</strong></span> <span class='ocrx_word' id='word_1_74' title='bbox 1124 1057 1267 1138; x_wconf 78' lang='lat' dir='ltr'><strong>majorum</strong></span> 
     </span>
     <span class='ocr_line' id='line_1_10' title="bbox 37 1141 1269 1225; baseline 0.002 -23"><span class='ocrx_word' id='word_1_75' title='bbox 37 1141 187 1202; x_wconf 83' lang='lat' dir='ltr'><strong>ordinum</strong></span> <span class='ocrx_word' id='word_1_76' title='bbox 205 1142 401 1206; x_wconf 65' lang='lat' dir='ltr'><strong>observatu..</strong></span> <span class='ocrx_word' id='word_1_77' title='bbox 440 1143 516 1206; x_wconf 83' lang='lat' dir='ltr'><strong>Naue</strong></span> <span class='ocrx_word' id='word_1_78' title='bbox 537 1143 678 1224; x_wconf 86' lang='lat' dir='ltr'><strong>scripturn</strong></span> <span class='ocrx_word' id='word_1_79' title='bbox 701 1141 847 1225; x_wconf 80' lang='lat' dir='ltr'><strong>reliquero</strong></span> <span class='ocrx_word' id='word_1_80' title='bbox 869 1144 967 1206; x_wconf 82' lang='lat' dir='ltr'><strong>idonei</strong></span> <span class='ocrx_word' id='word_1_81' title='bbox 989 1155 1135 1220; x_wconf 87' lang='lat' dir='ltr'><strong>auctores,</strong></span> <span class='ocrx_word' id='word_1_82' title='bbox 1156 1143 1269 1206; x_wconf 88' lang='lat' dir='ltr'><strong>externi</strong></span> 
     </span>
    </p>

    <p class='ocr_par' dir='ltr' id='par_1_4' title="bbox 7 1227 1269 1498">
     <span class='ocr_line' id='line_1_11' title="bbox 7 1227 1266 1314; baseline 0.002 -24"><span class='ocrx_word' id='word_1_83' title='bbox 7 1267 8 1304; x_wconf 48' lang='grc' dir='ltr'>ι</span> <span class='ocrx_word' id='word_1_84' title='bbox 38 1227 197 1300; x_wconf 76' lang='lat' dir='ltr'><strong>ecelesiae</strong></span> <span class='ocrx_word' id='word_1_85' title='bbox 228 1241 323 1294; x_wconf 84' lang='lat' dir='ltr'><strong>status</strong></span> <span class='ocrx_word' id='word_1_86' title='bbox 351 1249 452 1292; x_wconf 90' lang='lat' dir='ltr'><strong>curam</strong></span> <span class='ocrx_word' id='word_1_87' title='bbox 480 1229 610 1293; x_wconf 82' lang='lat' dir='ltr'><strong>babitare</strong></span> <span class='ocrx_word' id='word_1_88' title='bbox 639 1230 737 1292; x_wconf 84' lang='lat' dir='ltr'><strong>inisse</strong></span> <span class='ocrx_word' id='word_1_89' title='bbox 770 1231 875 1296; x_wconf 89' lang='lat' dir='ltr'><strong>diebus</strong></span> <span class='ocrx_word' id='word_1_90' title='bbox 908 1231 1052 1314; x_wconf 87' lang='lat' dir='ltr'><strong>ejusmodi</strong></span> <span class='ocrx_word' id='word_1_91' title='bbox 1076 1229 1266 1294; x_wconf 88' lang='lat' dir='ltr'><strong>sollennieri·</strong></span> 
     </span>
     <span class='ocr_line' id='line_1_12' title="bbox 7 1317 1269 1401; baseline 0 -23"><span class='ocrx_word' id='word_1_92' title='bbox 7 1365 9 1370; x_wconf 84' lang='lat'><strong>.</strong></span> <span class='ocrx_word' id='word_1_93' title='bbox 36 1319 107 1378; x_wconf 88' lang='lat' dir='ltr'><strong>bus</strong></span> <span class='ocrx_word' id='word_1_94' title='bbox 138 1325 172 1378; x_wconf 88' lang='lat' dir='ltr'><strong>et</strong></span> <span class='ocrx_word' id='word_1_95' title='bbox 194 1327 316 1380; x_wconf 85' lang='lat' dir='ltr'><strong>munera</strong></span> <span class='ocrx_word' id='word_1_96' title='bbox 340 1317 476 1400; x_wconf 89' lang='lat' dir='ltr'><strong>publiea,</strong></span> <span class='ocrx_word' id='word_1_97' title='bbox 510 1317 628 1380; x_wconf 82' lang='lat' dir='ltr'><strong>ordines</strong></span> <span class='ocrx_word' id='word_1_98' title='bbox 656 1320 798 1400; x_wconf 88' lang='lat' dir='ltr'><strong>majores,</strong></span> <span class='ocrx_word' id='word_1_99' title='bbox 825 1319 1033 1401; x_wconf 89' lang='lat' dir='ltr'><strong>episcopatus,</strong></span> <span class='ocrx_word' id='word_1_100' title='bbox 1056 1327 1084 1381; x_wconf 84' lang='lat' dir='ltr'><strong>et</strong></span> <span class='ocrx_word' id='word_1_101' title='bbox 1107 1327 1269 1400; x_wconf 88' lang='lat' dir='ltr'><strong>quaesunt</strong></span> 
     </span>
     <span class='ocr_line' id='line_1_13' title="bbox 37 1403 1268 1498; baseline 0 -30"><span class='ocrx_word' id='word_1_102' title='bbox 37 1405 142 1488; x_wconf 84' lang='lat' dir='ltr'><strong>hujus</strong></span> <span class='ocrx_word' id='word_1_103' title='bbox 161 1403 281 1486; x_wconf 75' lang='lat' dir='ltr'><strong>generis</strong></span> <span class='ocrx_word' id='word_1_104' title='bbox 298 1403 373 1484; x_wconf 87' lang='lat' dir='ltr'><strong>alia,</strong></span> <span class='ocrx_word' id='word_1_105' title='bbox 396 1405 428 1467; x_wconf 89' lang='lat' dir='ltr'><strong>in</strong></span> <span class='ocrx_word' id='word_1_106' title='bbox 445 1405 524 1498; x_wconf 77' lang='lat' dir='ltr'><strong>viros</strong></span> <span class='ocrx_word' id='word_1_107' title='bbox 547 1405 656 1487; x_wconf 88' lang='lat' dir='ltr'><strong>probos</strong></span> <span class='ocrx_word' id='word_1_108' title='bbox 673 1417 701 1468; x_wconf 90' lang='lat' dir='ltr'><strong>et</strong></span> <span class='ocrx_word' id='word_1_109' title='bbox 716 1405 861 1473; x_wconf 86' lang='lat' dir='ltr'><strong>eeclesiae</strong></span> <span class='ocrx_word' id='word_1_110' title='bbox 877 1407 965 1492; x_wconf 83' lang='lat' dir='ltr'><strong>utiles</strong></span> <span class='ocrx_word' id='word_1_111' title='bbox 987 1405 1083 1476; x_wconf 81' lang='lat' dir='ltr'><strong>fnisse</strong></span> <span class='ocrx_word' id='word_1_112' title='bbox 1101 1407 1205 1468; x_wconf 88' lang='lat' dir='ltr'><strong>collata</strong></span> <span class='ocrx_word' id='word_1_113' title='bbox 1221 1405 1268 1487; x_wconf 87' lang='lat'><strong>†).</strong></span> 
     </span>
    </p>
   </div>
   <div class='ocr_carea' id='block_1_4' title="bbox 7 1519 1312 2923">
    <p class='ocr_par' dir='ltr' id='par_1_5' title="bbox 37 1519 1268 1784">
     <span class='ocr_line' id='line_1_14' title="bbox 137 1519 1267 1611; baseline 0 -21"><span class='ocrx_word' id='word_1_114' title='bbox 137 1525 204 1590; x_wconf 88' lang='lat' dir='ltr'><strong>Nou</strong></span> <span class='ocrx_word' id='word_1_115' title='bbox 228 1536 324 1588; x_wconf 85' lang='lat' dir='ltr'><strong>tames</strong></span> <span class='ocrx_word' id='word_1_116' title='bbox 341 1535 481 1608; x_wconf 88' lang='lat' dir='ltr'><strong>perpetua</strong></span> <span class='ocrx_word' id='word_1_117' title='bbox 498 1519 599 1608; x_wconf 69' lang='lat' dir='ltr'><strong>hujus</strong></span> <span class='ocrx_word' id='word_1_118' title='bbox 611 1527 652 1588; x_wconf 91' lang='lat' dir='ltr'><strong>rei</strong></span> <span class='ocrx_word' id='word_1_119' title='bbox 669 1526 725 1589; x_wconf 88' lang='lat' dir='ltr'><strong>init</strong></span> <span class='ocrx_word' id='word_1_120' title='bbox 740 1529 914 1609; x_wconf 83' lang='lat' dir='ltr'><strong>observatio,</strong></span> <span class='ocrx_word' id='word_1_121' title='bbox 939 1529 1017 1611; x_wconf 87' lang='lat' dir='ltr'><strong>quod</strong></span> <span class='ocrx_word' id='word_1_122' title='bbox 1033 1547 1177 1590; x_wconf 88' lang='lat' dir='ltr'><strong>successu</strong></span> <span class='ocrx_word' id='word_1_123' title='bbox 1193 1535 1267 1590; x_wconf 91' lang='lat' dir='ltr'><strong>tem·</strong></span> 
     </span>
     <span class='ocr_line' id='line_1_15' title="bbox 39 1606 1268 1698; baseline -0.002 -21"><span class='ocrx_word' id='word_1_124' title='bbox 39 1613 151 1698; x_wconf 90' lang='lat' dir='ltr'><strong>poris,</strong></span> <span class='ocrx_word' id='word_1_125' title='bbox 169 1606 321 1698; x_wconf 83' lang='lat' dir='ltr'><strong>junctione</strong></span> <span class='ocrx_word' id='word_1_126' title='bbox 348 1612 499 1696; x_wconf 86' lang='lat' dir='ltr'><strong>paschalis</strong></span> <span class='ocrx_word' id='word_1_127' title='bbox 519 1625 549 1676; x_wconf 85' lang='lat' dir='ltr'><strong>et</strong></span> <span class='ocrx_word' id='word_1_128' title='bbox 571 1613 781 1694; x_wconf 85' lang='lat' dir='ltr'><strong>pentecostalis</strong></span> <span class='ocrx_word' id='word_1_129' title='bbox 804 1617 970 1680; x_wconf 71' lang='lat' dir='ltr'><strong>festivitatis</strong></span> <span class='ocrx_word' id='word_1_130' title='bbox 999 1615 1131 1694; x_wconf 82' lang='lat' dir='ltr'><strong>sublata,</strong></span> <span class='ocrx_word' id='word_1_131' title='bbox 1156 1614 1268 1676; x_wconf 86' lang='lat' dir='ltr'><strong>dierum</strong></span> 
     </span>
     <span class='ocr_line' id='line_1_16' title="bbox 37 1697 1268 1784; baseline -0.002 -18"><span class='ocrx_word' id='word_1_132' title='bbox 37 1706 158 1766; x_wconf 84' lang='lat' dir='ltr'><strong>deuota</strong></span> <span class='ocrx_word' id='word_1_133' title='bbox 183 1697 357 1764; x_wconf 89' lang='lat' dir='ltr'><strong>sollennitas</strong></span> <span class='ocrx_word' id='word_1_134' title='bbox 374 1703 411 1764; x_wconf 89' lang='lat' dir='ltr'><strong>ud</strong></span> <span class='ocrx_word' id='word_1_135' title='bbox 428 1701 602 1784; x_wconf 87' lang='lat' dir='ltr'><strong>pauceioree</strong></span> <span class='ocrx_word' id='word_1_136' title='bbox 624 1704 828 1767; x_wconf 81' lang='lat' dir='ltr'><strong>reducebatur.</strong></span> <span class='ocrx_word' id='word_1_137' title='bbox 869 1704 992 1769; x_wconf 84' lang='lat' dir='ltr'><strong>Videtur</strong></span> <span class='ocrx_word' id='word_1_138' title='bbox 1012 1703 1195 1765; x_wconf 83' lang='lat' dir='ltr'><strong>ascensionis</strong></span> <span class='ocrx_word' id='word_1_139' title='bbox 1214 1705 1268 1764; x_wconf 89' lang='lat' dir='ltr'><strong>du-</strong></span> 
     </span>
    </p>

    <p class='ocr_par' dir='ltr' id='par_1_6' title="bbox 7 1787 1312 2923">
     <span class='ocr_line' id='line_1_17' title="bbox 7 1787 1268 1872; baseline -0.002 -19"><span class='ocrx_word' id='word_1_140' title='bbox 7 1815 11 1824; x_wconf 91' lang='lat'><em>·</em></span> <span class='ocrx_word' id='word_1_141' title='bbox 41 1789 181 1853; x_wconf 55' lang='lat' dir='ltr'><strong>minicae*</strong></span> <span class='ocrx_word' id='word_1_142' title='bbox 201 1789 264 1852; x_wconf 87' lang='lat' dir='ltr'><strong>dies</strong></span> <span class='ocrx_word' id='word_1_143' title='bbox 282 1799 341 1852; x_wconf 90' lang='lat' dir='ltr'><strong>tum</strong></span> <span class='ocrx_word' id='word_1_144' title='bbox 361 1792 476 1852; x_wconf 90' lang='lat' dir='ltr'><strong>demum</strong></span> <span class='ocrx_word' id='word_1_145' title='bbox 500 1787 629 1850; x_wconf 86' lang='lat' dir='ltr'><strong>sollenni</strong></span> <span class='ocrx_word' id='word_1_146' title='bbox 661 1808 747 1852; x_wconf 88' lang='lat' dir='ltr'><strong>sacro</strong></span> <span class='ocrx_word' id='word_1_147' title='bbox 771 1791 913 1871; x_wconf 80' lang='lat' dir='ltr'><strong>distingui</strong></span> <span class='ocrx_word' id='word_1_148' title='bbox 938 1791 1091 1872; x_wconf 89' lang='lat' dir='ltr'><strong>coepisse,</strong></span> <span class='ocrx_word' id='word_1_149' title='bbox 1113 1801 1268 1870; x_wconf 85' lang='lat' dir='ltr'><strong>postquam</strong></span> 
     </span>
     <span class='ocr_line' id='line_1_18' title="bbox 8 1875 1269 1962; baseline 0 -22"><span class='ocrx_word' id='word_1_150' title='bbox 8 1917 9 1922; x_wconf 22' lang='grc' dir='ltr'>ι</span> <span class='ocrx_word' id='word_1_151' title='bbox 43 1877 180 1957; x_wconf 84' lang='lat' dir='ltr'><strong>desierat</strong></span> <span class='ocrx_word' id='word_1_152' title='bbox 195 1877 460 1958; x_wconf 82' lang='lat' dir='ltr'><strong>quiuquagesimo,</strong></span> <span class='ocrx_word' id='word_1_153' title='bbox 486 1879 522 1938; x_wconf 91' lang='lat' dir='ltr'><strong>de</strong></span> <span class='ocrx_word' id='word_1_154' title='bbox 547 1897 604 1958; x_wconf 84' lang='lat' dir='ltr'><strong>qua</strong></span> <span class='ocrx_word' id='word_1_155' title='bbox 626 1875 652 1939; x_wconf 89' lang='lat' dir='ltr'><strong>si</strong></span> <span class='ocrx_word' id='word_1_156' title='bbox 676 1889 735 1938; x_wconf 85' lang='lat' dir='ltr'><strong>sun</strong></span> <span class='ocrx_word' id='word_1_157' title='bbox 751 1881 843 1940; x_wconf 84' lang='lat' dir='ltr'><strong>rerba</strong></span> <span class='ocrx_word' id='word_1_158' title='bbox 860 1877 1080 1962; x_wconf 82' lang='lat' dir='ltr'><strong>Augustini</strong></span> <span class='ocrx_word' id='word_1_159' title='bbox 1099 1875 1170 1956; x_wconf 89' lang='lat'><strong>††),</strong></span> <span class='ocrx_word' id='word_1_160' title='bbox 1194 1875 1269 1940; x_wconf 93' lang='lat' dir='ltr'><strong>inter</strong></span> 
     </span>
     <span class='ocr_line' id='line_1_19' title="bbox 8 1962 1268 2048; baseline -0.001 -21"><span class='ocrx_word' id='word_1_161' title='bbox 8 2013 9 2046; x_wconf 55' lang='lat'>3</span> <span class='ocrx_word' id='word_1_162' title='bbox 43 1983 162 2044; x_wconf 80' lang='lat' dir='ltr'><strong>magne</strong></span> <span class='ocrx_word' id='word_1_163' title='bbox 172 1964 316 2027; x_wconf 88' lang='lat' dir='ltr'><strong>ecelesiae</strong></span> <span class='ocrx_word' id='word_1_164' title='bbox 332 1963 410 2028; x_wconf 81' lang='lat' dir='ltr'><strong>leste</strong></span> <span class='ocrx_word' id='word_1_165' title='bbox 424 1963 626 2028; x_wconf 87' lang='lat' dir='ltr'><strong>ascensionem</strong></span> <span class='ocrx_word' id='word_1_166' title='bbox 641 1985 758 2048; x_wconf 85' lang='lat' dir='ltr'><strong>quoque</strong></span> <span class='ocrx_word' id='word_1_167' title='bbox 769 1967 965 2042; x_wconf 82' lang='lat' dir='ltr'><strong>memorantis,</strong></span> <span class='ocrx_word' id='word_1_168' title='bbox 983 1962 1175 2046; x_wconf 81' lang='lat' dir='ltr'><strong>intelligenda</strong></span> <span class='ocrx_word' id='word_1_169' title='bbox 1190 1973 1268 2042; x_wconf 90' lang='lat' dir='ltr'><strong>sunt,</strong></span> 
     </span>
     <span class='ocr_line' id='line_1_20' title="bbox 41 2051 1312 2136; baseline -0.002 -20"><span class='ocrx_word' id='word_1_170' title='bbox 41 2053 109 2136; x_wconf 86' lang='lat' dir='ltr'><strong>jam</strong></span> <span class='ocrx_word' id='word_1_171' title='bbox 135 2052 226 2134; x_wconf 82' lang='lat' dir='ltr'><strong>hujus</strong></span> <span class='ocrx_word' id='word_1_172' title='bbox 243 2052 344 2134; x_wconf 87' lang='lat' dir='ltr'><strong>Papae</strong></span> <span class='ocrx_word' id='word_1_173' title='bbox 369 2051 549 2134; x_wconf 88' lang='lat' dir='ltr'><strong>temporibus</strong></span> <span class='ocrx_word' id='word_1_174' title='bbox 572 2051 625 2114; x_wconf 88' lang='lat' dir='ltr'><strong>illa</strong></span> <span class='ocrx_word' id='word_1_175' title='bbox 650 2053 787 2117; x_wconf 88' lang='lat' dir='ltr'><strong>decrerit.</strong></span> <span class='ocrx_word' id='word_1_176' title='bbox 809 2111 811 2118; x_wconf 84' lang='grc'><strong>,</strong></span> <span class='ocrx_word' id='word_1_177' title='bbox 830 2055 901 2116; x_wconf 89' lang='lat' dir='ltr'><strong>Post</strong></span> <span class='ocrx_word' id='word_1_178' title='bbox 925 2071 985 2119; x_wconf 88' lang='lat' dir='ltr'><strong>sec.</strong></span> <span class='ocrx_word' id='word_1_179' title='bbox 1003 2053 1038 2119; x_wconf 79' lang='lat' dir='ltr'><strong>v.</strong></span> <span class='ocrx_word' id='word_1_180' title='bbox 1064 2051 1220 2135; x_wconf 82' lang='lat' dir='ltr'><strong>praecipue</strong></span> <span class='ocrx_word' id='word_1_181' title='bbox 1237 2051 1268 2114; x_wconf 92' lang='lat' dir='ltr'><strong>in</strong></span> <span class='ocrx_word' id='word_1_182' title='bbox 1310 2069 1312 2076; x_wconf 80' lang='grc'><em>’</em></span> 
     </span>
     <span class='ocr_line' id='line_1_21' title="bbox 8 2138 1268 2224; baseline -0.001 -21"><span class='ocrx_word' id='word_1_183' title='bbox 8 2138 17 2209; x_wconf 79' lang='lat' dir='ltr'><strong>i</strong></span> <span class='ocrx_word' id='word_1_184' title='bbox 45 2139 205 2203; x_wconf 87' lang='lat' dir='ltr'><strong>occidente</strong></span> <span class='ocrx_word' id='word_1_185' title='bbox 227 2139 346 2222; x_wconf 87' lang='lat' dir='ltr'><strong>quidam</strong></span> <span class='ocrx_word' id='word_1_186' title='bbox 370 2149 530 2222; x_wconf 87' lang='lat' dir='ltr'><strong>coeperunt</strong></span> <span class='ocrx_word' id='word_1_187' title='bbox 554 2141 692 2203; x_wconf 87' lang='lat' dir='ltr'><strong>recedere</strong></span> <span class='ocrx_word' id='word_1_188' title='bbox 719 2151 747 2203; x_wconf 93' lang='lat' dir='ltr'><strong>et</strong></span> <span class='ocrx_word' id='word_1_189' title='bbox 776 2141 891 2224; x_wconf 87' lang='lat' dir='ltr'><strong>jejunia</strong></span> <span class='ocrx_word' id='word_1_190' title='bbox 914 2152 1002 2224; x_wconf 89' lang='lat' dir='ltr'><strong>atque</strong></span> <span class='ocrx_word' id='word_1_191' title='bbox 1033 2141 1203 2214; x_wconf 77' lang='lat' dir='ltr'><strong>rorationes</strong></span> <span class='ocrx_word' id='word_1_192' title='bbox 1220 2138 1268 2202; x_wconf 91' lang='lat' dir='ltr'><strong>his</strong></span> 
     </span>
     <span class='ocr_line' id='line_1_22' title="bbox 45 2225 1269 2311; baseline -0.002 -21"><span class='ocrx_word' id='word_1_193' title='bbox 45 2226 156 2290; x_wconf 87' lang='lat' dir='ltr'><strong>diebus</strong></span> <span class='ocrx_word' id='word_1_194' title='bbox 177 2227 327 2309; x_wconf 78' lang='lat' dir='ltr'><strong>inserere,</strong></span> <span class='ocrx_word' id='word_1_195' title='bbox 345 2239 499 2310; x_wconf 87' lang='lat' dir='ltr'><strong>postquam</strong></span> <span class='ocrx_word' id='word_1_196' title='bbox 516 2225 716 2302; x_wconf 86' lang='lat' dir='ltr'><strong>Mammertus,</strong></span> <span class='ocrx_word' id='word_1_197' title='bbox 734 2228 909 2294; x_wconf 85' lang='lat' dir='ltr'><strong>Viennensis</strong></span> <span class='ocrx_word' id='word_1_198' title='bbox 927 2231 1084 2311; x_wconf 86' lang='lat' dir='ltr'><strong>episcopus</strong></span> <span class='ocrx_word' id='word_1_199' title='bbox 1101 2229 1269 2308; x_wconf 78' lang='lat' dir='ltr'><strong>rogationes</strong></span> 
     </span>
     <span class='ocr_line' id='line_1_23' title="bbox 45 2313 1267 2400; baseline -0.004 -21"><span class='ocrx_word' id='word_1_200' title='bbox 45 2336 117 2379; x_wconf 89' lang='lat' dir='ltr'><strong>cunr</strong></span> <span class='ocrx_word' id='word_1_201' title='bbox 136 2313 273 2377; x_wconf 88' lang='lat' dir='ltr'><strong>triduano</strong></span> <span class='ocrx_word' id='word_1_202' title='bbox 288 2315 402 2398; x_wconf 85' lang='lat' dir='ltr'><strong>jejunio</strong></span> <span class='ocrx_word' id='word_1_203' title='bbox 421 2325 487 2378; x_wconf 90' lang='lat' dir='ltr'><strong>unte</strong></span> <span class='ocrx_word' id='word_1_204' title='bbox 504 2314 611 2378; x_wconf 79' lang='lat' dir='ltr'><strong>festum</strong></span> <span class='ocrx_word' id='word_1_205' title='bbox 628 2315 815 2378; x_wconf 86' lang='lat' dir='ltr'><strong>ascensionis</strong></span> <span class='ocrx_word' id='word_1_206' title='bbox 833 2319 870 2378; x_wconf 91' lang='lat' dir='ltr'><strong>ob</strong></span> <span class='ocrx_word' id='word_1_207' title='bbox 884 2315 969 2395; x_wconf 89' lang='lat' dir='ltr'><strong>istas,</strong></span> <span class='ocrx_word' id='word_1_208' title='bbox 985 2337 1059 2400; x_wconf 88' lang='lat' dir='ltr'><strong>quae</strong></span> <span class='ocrx_word' id='word_1_209' title='bbox 1071 2325 1130 2378; x_wconf 89' lang='lat' dir='ltr'><strong>tum</strong></span> <span class='ocrx_word' id='word_1_210' title='bbox 1143 2313 1267 2376; x_wconf 88' lang='lat' dir='ltr'><strong>Galliam</strong></span> 
     </span>
     <span class='ocr_line' id='line_1_24' title="bbox 45 2400 1268 2486; baseline -0.002 -22"><span class='ocrx_word' id='word_1_211' title='bbox 45 2405 241 2486; x_wconf 81' lang='lat' dir='ltr'><strong>premebant,</strong></span> <span class='ocrx_word' id='word_1_212' title='bbox 274 2401 454 2465; x_wconf 77' lang='lat' dir='ltr'><strong>calamitates</strong></span> <span class='ocrx_word' id='word_1_213' title='bbox 489 2402 655 2466; x_wconf 86' lang='lat' dir='ltr'><strong>instituerat</strong></span> <span class='ocrx_word' id='word_1_214' title='bbox 678 2423 829 2485; x_wconf 85' lang='lat' dir='ltr'><strong>novaeque</strong></span> <span class='ocrx_word' id='word_1_215' title='bbox 853 2403 895 2464; x_wconf 87' lang='lat' dir='ltr'><strong>rei</strong></span> <span class='ocrx_word' id='word_1_216' title='bbox 920 2403 1071 2464; x_wconf 87' lang='lat' dir='ltr'><strong>invenerat</strong></span> <span class='ocrx_word' id='word_1_217' title='bbox 1098 2400 1268 2463; x_wconf 88' lang='lat' dir='ltr'><strong>imitatores.</strong></span> 
     </span>
     <span class='ocr_line' id='line_1_25' title="bbox 45 2487 1268 2572; baseline -0.004 -18"><span class='ocrx_word' id='word_1_218' title='bbox 45 2491 188 2554; x_wconf 82' lang='lat' dir='ltr'><strong>Tandem</strong></span> <span class='ocrx_word' id='word_1_219' title='bbox 203 2489 233 2550; x_wconf 83' lang='lat' dir='ltr'><strong>lri</strong></span> <span class='ocrx_word' id='word_1_220' title='bbox 261 2489 476 2572; x_wconf 78' lang='lat' dir='ltr'><strong>quinquaginta</strong></span> <span class='ocrx_word' id='word_1_221' title='bbox 503 2487 654 2552; x_wconf 82' lang='lat' dir='ltr'><strong>sollennes</strong></span> <span class='ocrx_word' id='word_1_222' title='bbox 673 2489 736 2552; x_wconf 90' lang='lat' dir='ltr'><strong>dies</strong></span> <span class='ocrx_word' id='word_1_223' title='bbox 762 2491 899 2572; x_wconf 87' lang='lat' dir='ltr'><strong>temporis</strong></span> <span class='ocrx_word' id='word_1_224' title='bbox 917 2509 1078 2572; x_wconf 77' lang='lat' dir='ltr'><strong>progressu</strong></span> <span class='ocrx_word' id='word_1_225' title='bbox 1095 2489 1182 2570; x_wconf 85' lang='lat' dir='ltr'><strong>plane</strong></span> <span class='ocrx_word' id='word_1_226' title='bbox 1200 2509 1268 2550; x_wconf 90' lang='lat' dir='ltr'><strong>ees-</strong></span> 
     </span>
     <span class='ocr_line' id='line_1_26' title="bbox 46 2575 1274 2660; baseline -0.002 -20"><span class='ocrx_word' id='word_1_227' title='bbox 46 2587 172 2656; x_wconf 86' lang='lat' dir='ltr'><strong>saruut,</strong></span> <span class='ocrx_word' id='word_1_228' title='bbox 187 2575 248 2639; x_wconf 90' lang='lat' dir='ltr'><strong>illis</strong></span> <span class='ocrx_word' id='word_1_229' title='bbox 267 2587 360 2640; x_wconf 88' lang='lat' dir='ltr'><strong>tannen</strong></span> <span class='ocrx_word' id='word_1_230' title='bbox 378 2577 525 2659; x_wconf 85' lang='lat' dir='ltr'><strong>exceptis,</strong></span> <span class='ocrx_word' id='word_1_231' title='bbox 549 2599 624 2660; x_wconf 84' lang='lat' dir='ltr'><strong>quae</strong></span> <span class='ocrx_word' id='word_1_232' title='bbox 650 2578 752 2640; x_wconf 88' lang='lat' dir='ltr'><strong>diebus</strong></span> <span class='ocrx_word' id='word_1_233' title='bbox 780 2578 1003 2660; x_wconf 79' lang='lat' dir='ltr'><strong>quadragesimo</strong></span> <span class='ocrx_word' id='word_1_234' title='bbox 1028 2577 1058 2638; x_wconf 87' lang='lat' dir='ltr'><strong>in</strong></span> <span class='ocrx_word' id='word_1_235' title='bbox 1082 2575 1274 2638; x_wconf 82' lang='lat' dir='ltr'><strong>ascensionis</strong></span> 
     </span>
     <span class='ocr_line' id='line_1_27' title="bbox 48 2663 1267 2746; baseline -0.004 -18"><span class='ocrx_word' id='word_1_236' title='bbox 48 2665 163 2728; x_wconf 83' lang='lat' dir='ltr'><strong>Christi</strong></span> <span class='ocrx_word' id='word_1_237' title='bbox 182 2673 209 2726; x_wconf 87' lang='lat' dir='ltr'><strong>et</strong></span> <span class='ocrx_word' id='word_1_238' title='bbox 234 2664 476 2746; x_wconf 84' lang='lat' dir='ltr'><strong>quiuquagesimo</strong></span> <span class='ocrx_word' id='word_1_239' title='bbox 492 2665 523 2726; x_wconf 92' lang='lat' dir='ltr'><strong>in</strong></span> <span class='ocrx_word' id='word_1_240' title='bbox 540 2665 668 2746; x_wconf 85' lang='lat' dir='ltr'><strong>Spiritus</strong></span> <span class='ocrx_word' id='word_1_241' title='bbox 686 2665 719 2727; x_wconf 87' lang='lat' dir='ltr'><strong>S.</strong></span> <span class='ocrx_word' id='word_1_242' title='bbox 739 2666 888 2731; x_wconf 80' lang='lat' dir='ltr'><strong>missionis</strong></span> <span class='ocrx_word' id='word_1_243' title='bbox 911 2665 1077 2728; x_wconf 88' lang='lat' dir='ltr'><strong>memoriam</strong></span> <span class='ocrx_word' id='word_1_244' title='bbox 1097 2673 1166 2725; x_wconf 89' lang='lat' dir='ltr'><strong>sunt</strong></span> <span class='ocrx_word' id='word_1_245' title='bbox 1187 2663 1267 2724; x_wconf 86' lang='lat' dir='ltr'><strong>celo-</strong></span> 
     </span>
     <span class='ocr_line' id='line_1_28' title="bbox 16 2748 1268 2835; baseline -0.004 -19"><span class='ocrx_word' id='word_1_246' title='bbox 16 2748 22 2765; x_wconf 95' lang='lat'><em>&#39;</em></span> <span class='ocrx_word' id='word_1_247' title='bbox 48 2757 147 2816; x_wconf 77' lang='lat' dir='ltr'><strong>brata.</strong></span> <span class='ocrx_word' id='word_1_248' title='bbox 200 2753 246 2814; x_wconf 86' lang='lat' dir='ltr'><strong>Ad</strong></span> <span class='ocrx_word' id='word_1_249' title='bbox 272 2765 383 2835; x_wconf 89' lang='lat' dir='ltr'><strong>septem</strong></span> <span class='ocrx_word' id='word_1_250' title='bbox 410 2753 473 2814; x_wconf 88' lang='lat' dir='ltr'><strong>dies</strong></span> <span class='ocrx_word' id='word_1_251' title='bbox 502 2750 640 2834; x_wconf 87' lang='lat' dir='ltr'><strong>deinceps</strong></span> <span class='ocrx_word' id='word_1_252' title='bbox 671 2753 826 2815; x_wconf 79' lang='lat' dir='ltr'><strong>celebritas</strong></span> <span class='ocrx_word' id='word_1_253' title='bbox 853 2753 957 2816; x_wconf 88' lang='lat' dir='ltr'><strong>recidit</strong></span> <span class='ocrx_word' id='word_1_254' title='bbox 980 2753 1070 2828; x_wconf 84' lang='lat'><strong>†††),</strong></span> <span class='ocrx_word' id='word_1_255' title='bbox 1097 2753 1189 2812; x_wconf 88' lang='lat' dir='ltr'><strong>denec</strong></span> <span class='ocrx_word' id='word_1_256' title='bbox 1214 2751 1268 2812; x_wconf 88' lang='lat' dir='ltr'><strong>tri-</strong></span> 
     </span>
     <span class='ocr_line' id='line_1_29' title="bbox 49 2837 1271 2923; baseline 0 -21"><span class='ocrx_word' id='word_1_257' title='bbox 49 2839 159 2902; x_wconf 86' lang='lat' dir='ltr'><strong>duanis</strong></span> <span class='ocrx_word' id='word_1_258' title='bbox 185 2839 277 2904; x_wconf 87' lang='lat' dir='ltr'><strong>saeris</strong></span> <span class='ocrx_word' id='word_1_259' title='bbox 300 2841 507 2911; x_wconf 73' lang='lat' dir='ltr'><strong>absolvebatur</strong></span> <span class='ocrx_word' id='word_1_260' title='bbox 523 2839 587 2923; x_wconf 86' lang='lat'><strong>†*).</strong></span> <span class='ocrx_word' id='word_1_261' title='bbox 638 2839 725 2918; x_wconf 79' lang='lat' dir='ltr'><strong>Quod</strong></span> <span class='ocrx_word' id='word_1_262' title='bbox 750 2843 805 2902; x_wconf 90' lang='lat' dir='ltr'><strong>snb</strong></span> <span class='ocrx_word' id='word_1_263' title='bbox 831 2839 916 2904; x_wconf 86' lang='lat' dir='ltr'><strong>finem</strong></span> <span class='ocrx_word' id='word_1_264' title='bbox 942 2837 1203 2906; x_wconf 81' lang='lat' dir='ltr'><strong>see.x1.laotou</strong></span> <span class='ocrx_word' id='word_1_265' title='bbox 1229 2838 1271 2902; x_wconf 86' lang='lat' dir='ltr'><strong>ait</strong></span> 
     </span>
    </p>
   </div>
   <div class='ocr_carea' id='block_1_5' title="bbox 50 3001 287 3018">
    <p class='ocr_par' dir='ltr' id='par_1_7' title="bbox 50 3001 287 3018">
     <span class='ocr_line' id='line_1_30' title="bbox 50 3001 287 3018; baseline -0.008 0"><span class='ocrx_word' id='word_1_266' title='bbox 50 3001 287 3018; x_wconf 51' lang='lat' dir='ltr'><strong>m</strong></span> 
     </span>
    </p>
   </div>
   <div class='ocr_carea' id='block_1_6' title="bbox 49 3098 1314 3576">
    <p class='ocr_par' dir='ltr' id='par_1_8' title="bbox 49 3098 1314 3508">
     <span class='ocr_line' id='line_1_31' title="bbox 121 3098 359 3132; baseline 0 -21"><span class='ocrx_word' id='word_1_267' title='bbox 121 3098 137 3132; x_wconf 80' lang='lat'><strong>„</strong></span> <span class='ocrx_word' id='word_1_268' title='bbox 352 3098 359 3111; x_wconf 89' lang='lat'><strong>.</strong></span> 
     </span>
     <span class='ocr_line' id='line_1_32' title="bbox 120 3099 1268 3238; baseline 0 -20"><span class='ocrx_word' id='word_1_269' title='bbox 120 3099 577 3232; x_wconf 46' lang='lat' dir='ltr'><strong>*blil‘ariiwoobIibbseeibwctirisiiibti</strong></span> <span class='ocrx_word' id='word_1_270' title='bbox 597 3173 657 3218; x_wconf 89' lang='lat' dir='ltr'><strong>auto</strong></span> <span class='ocrx_word' id='word_1_271' title='bbox 677 3167 746 3221; x_wconf 84' lang='lat' dir='ltr'><strong>iores</strong></span> <span class='ocrx_word' id='word_1_272' title='bbox 766 3144 890 3221; x_wconf 78' lang='lat' dir='ltr'><strong>basilicae</strong></span> <span class='ocrx_word' id='word_1_273' title='bbox 910 3174 985 3222; x_wconf 85' lang='lat' dir='ltr'><strong>eruut</strong></span> <span class='ocrx_word' id='word_1_274' title='bbox 1003 3183 1141 3238; x_wconf 85' lang='lat' dir='ltr'><strong>pauperes,</strong></span> <span class='ocrx_word' id='word_1_275' title='bbox 1161 3175 1190 3219; x_wconf 89' lang='lat' dir='ltr'><strong>ut</strong></span> <span class='ocrx_word' id='word_1_276' title='bbox 1208 3183 1268 3219; x_wconf 86' lang='lat' dir='ltr'><strong>con·</strong></span> 
     </span>
     <span class='ocr_line' id='line_1_33' title="bbox 50 3229 1313 3304; baseline -0.004 -15"><span class='ocrx_word' id='word_1_277' title='bbox 50 3243 105 3290; x_wconf 85' lang='lat' dir='ltr'><strong>stat</strong></span> <span class='ocrx_word' id='word_1_278' title='bbox 128 3252 161 3288; x_wconf 85' lang='lat' dir='ltr'><strong>ex</strong></span> <span class='ocrx_word' id='word_1_279' title='bbox 188 3235 366 3304; x_wconf 75' lang='lat' dir='ltr'><strong>chrysost.</strong></span> <span class='ocrx_word' id='word_1_280' title='bbox 385 3237 451 3289; x_wconf 79' lang='lat' dir='ltr'><strong>lom.</strong></span> <span class='ocrx_word' id='word_1_281' title='bbox 463 3239 506 3289; x_wconf 81' lang='lat'><strong>50.</strong></span> <span class='ocrx_word' id='word_1_282' title='bbox 519 3236 544 3286; x_wconf 92' lang='lat' dir='ltr'><strong>in</strong></span> <span class='ocrx_word' id='word_1_283' title='bbox 555 3229 648 3287; x_wconf 78' lang='lat' dir='ltr'><strong>Morte.</strong></span> <span class='ocrx_word' id='word_1_284' title='bbox 660 3239 685 3288; x_wconf 82' lang='grc'>9.</span> <span class='ocrx_word' id='word_1_285' title='bbox 707 3237 739 3286; x_wconf 86' lang='lat' dir='ltr'><strong>de</strong></span> <span class='ocrx_word' id='word_1_286' title='bbox 755 3239 852 3291; x_wconf 79' lang='lat' dir='ltr'><strong>Pornit.</strong></span> <span class='ocrx_word' id='word_1_287' title='bbox 872 3244 946 3298; x_wconf 86' lang='lat' dir='ltr'><strong>(tom.</strong></span> <span class='ocrx_word' id='word_1_288' title='bbox 960 3237 980 3288; x_wconf 92' lang='lat' dir='ltr'><strong>l.</strong></span> <span class='ocrx_word' id='word_1_289' title='bbox 1001 3255 1026 3304; x_wconf 94' lang='lat' dir='ltr'><strong>p.</strong></span> <span class='ocrx_word' id='word_1_290' title='bbox 1039 3234 1114 3298; x_wconf 75' lang='lat'><strong>6¹24.)</strong></span> <span class='ocrx_word' id='word_1_291' title='bbox 1133 3241 1209 3288; x_wconf 83' lang='lat' dir='ltr'><strong>Hom.</strong></span> <span class='ocrx_word' id='word_1_292' title='bbox 1224 3239 1266 3292; x_wconf 78' lang='lat'><strong>26.</strong></span> <span class='ocrx_word' id='word_1_293' title='bbox 1308 3261 1313 3284; x_wconf 64' lang='grc' dir='ltr'>ι</span> 
     </span>
     <span class='ocr_line' id='line_1_34' title="bbox 50 3303 1314 3372; baseline 0.002 -16"><span class='ocrx_word' id='word_1_294' title='bbox 50 3308 82 3358; x_wconf 92' lang='lat' dir='ltr'><strong>de</strong></span> <span class='ocrx_word' id='word_1_295' title='bbox 99 3307 185 3356; x_wconf 81' lang='lat' dir='ltr'><strong>uerbis</strong></span> <span class='ocrx_word' id='word_1_296' title='bbox 203 3305 312 3370; x_wconf 83' lang='lat' dir='ltr'><strong>apostol.</strong></span> <span class='ocrx_word' id='word_1_297' title='bbox 339 3305 414 3370; x_wconf 87' lang='lat' dir='ltr'><strong>(tom.</strong></span> <span class='ocrx_word' id='word_1_298' title='bbox 434 3307 459 3360; x_wconf 83' lang='lat'><strong>5.</strong></span> <span class='ocrx_word' id='word_1_299' title='bbox 480 3321 505 3371; x_wconf 84' lang='lat' dir='ltr'><strong>p.</strong></span> <span class='ocrx_word' id='word_1_300' title='bbox 527 3307 587 3358; x_wconf 74' lang='grc'>311.</span> <span class='ocrx_word' id='word_1_301' title='bbox 609 3305 650 3354; x_wconf 90' lang='lat' dir='ltr'><strong>cd.</strong></span> <span class='ocrx_word' id='word_1_302' title='bbox 676 3303 811 3365; x_wconf 81' lang='lat' dir='ltr'><strong>Francol.)</strong></span> <span class='ocrx_word' id='word_1_303' title='bbox 837 3306 880 3372; x_wconf 88' lang='lat' dir='ltr'><strong>qui</strong></span> <span class='ocrx_word' id='word_1_304' title='bbox 907 3307 973 3356; x_wconf 84' lang='lat' dir='ltr'><strong>bone</strong></span> <span class='ocrx_word' id='word_1_305' title='bbox 1001 3307 1136 3358; x_wconf 85' lang='lat' dir='ltr'><strong>caritatem</strong></span> <span class='ocrx_word' id='word_1_306' title='bbox 1161 3305 1268 3358; x_wconf 84' lang='lat' dir='ltr'><strong>mirifice</strong></span> <span class='ocrx_word' id='word_1_307' title='bbox 1308 3339 1314 3348; x_wconf 69' lang='lat'>=</span> 
     </span>
     <span class='ocr_line' id='line_1_35' title="bbox 49 3371 1268 3442; baseline 0 -16"><span class='ocrx_word' id='word_1_308' title='bbox 49 3375 152 3426; x_wconf 83' lang='lat' dir='ltr'><strong>laudat.</strong></span> <span class='ocrx_word' id='word_1_309' title='bbox 171 3371 236 3426; x_wconf 83' lang='lat' dir='ltr'><strong>Nem</strong></span> <span class='ocrx_word' id='word_1_310' title='bbox 254 3373 379 3426; x_wconf 86' lang='lat' dir='ltr'><strong>suberunt</strong></span> <span class='ocrx_word' id='word_1_311' title='bbox 396 3373 543 3442; x_wconf 80' lang='lat' dir='ltr'><strong>specialiori</strong></span> <span class='ocrx_word' id='word_1_312' title='bbox 562 3387 640 3424; x_wconf 86' lang='lat' dir='ltr'><strong>curae</strong></span> <span class='ocrx_word' id='word_1_313' title='bbox 658 3373 785 3425; x_wconf 85' lang='lat' dir='ltr'><strong>ecclesiae</strong></span> <span class='ocrx_word' id='word_1_314' title='bbox 803 3390 940 3442; x_wconf 78' lang='lat' dir='ltr'><strong>pauperes.</strong></span> <span class='ocrx_word' id='word_1_315' title='bbox 961 3373 1043 3425; x_wconf 89' lang='lat' dir='ltr'><strong>Vid.l</strong></span> <span class='ocrx_word' id='word_1_316' title='bbox 1052 3373 1268 3426; x_wconf 77' lang='lat' dir='ltr'><strong>u.l.euuoius</strong></span> 
     </span>
     <span class='ocr_line' id='line_1_36' title="bbox 50 3439 1269 3508; baseline 0.002 -14"><span class='ocrx_word' id='word_1_317' title='bbox 50 3445 82 3494; x_wconf 90' lang='lat' dir='ltr'><strong>de</strong></span> <span class='ocrx_word' id='word_1_318' title='bbox 102 3459 168 3492; x_wconf 79' lang='lat' dir='ltr'><strong>curre</strong></span> <span class='ocrx_word' id='word_1_319' title='bbox 184 3451 234 3496; x_wconf 81' lang='lat' dir='ltr'><strong>vet.</strong></span> <span class='ocrx_word' id='word_1_320' title='bbox 256 3441 314 3495; x_wconf 86' lang='lat' dir='ltr'><strong>eccl.</strong></span> <span class='ocrx_word' id='word_1_321' title='bbox 332 3459 381 3508; x_wconf 81' lang='lat' dir='ltr'><strong>pro</strong></span> <span class='ocrx_word' id='word_1_322' title='bbox 401 3443 501 3492; x_wconf 62' lang='lat' dir='ltr'><strong>meinis</strong></span> <span class='ocrx_word' id='word_1_323' title='bbox 519 3449 545 3493; x_wconf 87' lang='lat' dir='ltr'><strong>et</strong></span> <span class='ocrx_word' id='word_1_324' title='bbox 560 3443 722 3506; x_wconf 82' lang='lat' dir='ltr'><strong>pauperibus</strong></span> <span class='ocrx_word' id='word_1_325' title='bbox 739 3441 813 3492; x_wconf 87' lang='lat' dir='ltr'><strong>Puris</strong></span> <span class='ocrx_word' id='word_1_326' title='bbox 836 3445 911 3496; x_wconf 80' lang='grc'>1663.</span> <span class='ocrx_word' id='word_1_327' title='bbox 930 3443 957 3496; x_wconf 87' lang='grc'>8.</span> <span class='ocrx_word' id='word_1_328' title='bbox 995 3439 1069 3492; x_wconf 83' lang='lat' dir='ltr'><strong>Cbr.</strong></span> <span class='ocrx_word' id='word_1_329' title='bbox 1096 3441 1176 3493; x_wconf 86' lang='lat' dir='ltr'><strong>llen.</strong></span> <span class='ocrx_word' id='word_1_330' title='bbox 1195 3441 1269 3508; x_wconf 71' lang='lat' dir='ltr'><strong>Gill-</strong></span> 
     </span>
    </p>

    <p class='ocr_par' dir='ltr' id='par_1_9' title="bbox 49 3509 1099 3576">
     <span class='ocr_line' id='line_1_37' title="bbox 49 3509 1099 3576; baseline -0.004 -12"><span class='ocrx_word' id='word_1_331' title='bbox 49 3512 130 3564; x_wconf 82' lang='lat' dir='ltr'><strong>ther</strong></span> <span class='ocrx_word' id='word_1_332' title='bbox 150 3511 213 3562; x_wconf 83' lang='lat' dir='ltr'><strong>diss.</strong></span> <span class='ocrx_word' id='word_1_333' title='bbox 233 3511 265 3562; x_wconf 82' lang='lat' dir='ltr'><strong>tle</strong></span> <span class='ocrx_word' id='word_1_334' title='bbox 286 3529 349 3562; x_wconf 80' lang='lat' dir='ltr'><strong>retra</strong></span> <span class='ocrx_word' id='word_1_335' title='bbox 367 3521 416 3563; x_wconf 83' lang='lat' dir='ltr'><strong>cet.</strong></span> <span class='ocrx_word' id='word_1_336' title='bbox 434 3513 494 3562; x_wconf 83' lang='lat' dir='ltr'><strong>eccl.</strong></span> <span class='ocrx_word' id='word_1_337' title='bbox 516 3512 585 3560; x_wconf 84' lang='lat' dir='ltr'><strong>eirca</strong></span> <span class='ocrx_word' id='word_1_338' title='bbox 606 3511 712 3559; x_wconf 80' lang='lat' dir='ltr'><strong>alendus</strong></span> <span class='ocrx_word' id='word_1_339' title='bbox 726 3528 867 3576; x_wconf 81' lang='lat' dir='ltr'><strong>pauperes.</strong></span> <span class='ocrx_word' id='word_1_340' title='bbox 888 3509 1003 3574; x_wconf 69' lang='lat' dir='ltr'><strong>Regiam.</strong></span> <span class='ocrx_word' id='word_1_341' title='bbox 1025 3513 1099 3562; x_wconf 82' lang='grc'>1730.</span> 
     </span>
    </p>
   </div>
   <div class='ocr_carea' id='block_1_7' title="bbox 50 3593 1375 3800">
    <p class='ocr_par' dir='ltr' id='par_1_10' title="bbox 50 3593 1375 3800">
     <span class='ocr_line' id='line_1_38' title="bbox 122 3593 1269 3664; baseline -0.001 -16"><span class='ocrx_word' id='word_1_342' title='bbox 122 3595 187 3664; x_wconf 65' lang='lat' dir='ltr'><strong>m)</strong></span> <span class='ocrx_word' id='word_1_343' title='bbox 206 3594 266 3648; x_wconf 71' lang='lat' dir='ltr'><strong>lid.</strong></span> <span class='ocrx_word' id='word_1_344' title='bbox 292 3596 411 3650; x_wconf 81' lang='lat' dir='ltr'><strong>Getici.</strong></span> <span class='ocrx_word' id='word_1_345' title='bbox 429 3595 504 3648; x_wconf 88' lang='lat' dir='ltr'><strong>Nic.</strong></span> <span class='ocrx_word' id='word_1_346' title='bbox 531 3595 626 3660; x_wconf 80' lang='lat' dir='ltr'><strong>letig.</strong></span> <span class='ocrx_word' id='word_1_347' title='bbox 648 3597 679 3647; x_wconf 85' lang='lat' dir='ltr'><strong>tle</strong></span> <span class='ocrx_word' id='word_1_348' title='bbox 700 3606 748 3646; x_wconf 86' lang='lat' dir='ltr'><strong>ret.</strong></span> <span class='ocrx_word' id='word_1_349' title='bbox 767 3597 934 3659; x_wconf 64' lang='lat' dir='ltr'><strong>indulgentia</strong></span> <span class='ocrx_word' id='word_1_350' title='bbox 951 3595 1081 3659; x_wconf 71' lang='lat' dir='ltr'><strong>paschali.</strong></span> <span class='ocrx_word' id='word_1_351' title='bbox 1106 3593 1178 3660; x_wconf 83' lang='lat' dir='ltr'><strong>Ltpr.</strong></span> <span class='ocrx_word' id='word_1_352' title='bbox 1201 3598 1269 3648; x_wconf 85' lang='grc'>1700</span> 
     </span>
     <span class='ocr_line' id='line_1_39' title="bbox 50 3661 1267 3734; baseline -0.003 -16"><span class='ocrx_word' id='word_1_353' title='bbox 50 3674 77 3718; x_wconf 86' lang='lat' dir='ltr'><strong>cl</strong></span> <span class='ocrx_word' id='word_1_354' title='bbox 95 3665 168 3718; x_wconf 77' lang='lat' dir='ltr'><strong>leb.</strong></span> <span class='ocrx_word' id='word_1_355' title='bbox 188 3661 277 3720; x_wconf 72' lang='lat' dir='ltr'><strong>Frid.</strong></span> <span class='ocrx_word' id='word_1_356' title='bbox 302 3665 456 3720; x_wconf 76' lang='lat' dir='ltr'><strong>inachim</strong></span> <span class='ocrx_word' id='word_1_357' title='bbox 482 3667 512 3717; x_wconf 86' lang='lat' dir='ltr'><strong>dc</strong></span> <span class='ocrx_word' id='word_1_358' title='bbox 533 3665 773 3716; x_wconf 80' lang='lat' dir='ltr'><strong>manumissionibus</strong></span> <span class='ocrx_word' id='word_1_359' title='bbox 792 3667 820 3716; x_wconf 80' lang='lat' dir='ltr'><strong>in</strong></span> <span class='ocrx_word' id='word_1_360' title='bbox 839 3665 960 3720; x_wconf 85' lang='lat' dir='ltr'><strong>ecelesiis.</strong></span> <span class='ocrx_word' id='word_1_361' title='bbox 979 3663 1060 3716; x_wconf 83' lang='lat' dir='ltr'><strong>Halae</strong></span> <span class='ocrx_word' id='word_1_362' title='bbox 1081 3668 1157 3718; x_wconf 82' lang='grc'>1737.</span> <span class='ocrx_word' id='word_1_363' title='bbox 1176 3665 1203 3734; x_wconf 59' lang='grc' dir='ltr'><strong>ᾗ,</strong></span> <span class='ocrx_word' id='word_1_364' title='bbox 1225 3665 1267 3715; x_wconf 84' lang='grc'><strong>18.</strong></span> 
     </span>
     <span class='ocr_line' id='line_1_40' title="bbox 50 3731 1375 3800; baseline -0.001 -13"><span class='ocrx_word' id='word_1_365' title='bbox 50 3751 108 3788; x_wconf 84' lang='lat' dir='ltr'><strong>eoru</strong></span> <span class='ocrx_word' id='word_1_366' title='bbox 129 3735 168 3786; x_wconf 86' lang='lat' dir='ltr'><strong>tris</strong></span> <span class='ocrx_word' id='word_1_367' title='bbox 186 3734 256 3786; x_wconf 86' lang='lat' dir='ltr'><strong>conl.</strong></span> <span class='ocrx_word' id='word_1_368' title='bbox 277 3733 306 3788; x_wconf 86' lang='lat' dir='ltr'><strong>G.</strong></span> <span class='ocrx_word' id='word_1_369' title='bbox 329 3733 360 3787; x_wconf 82' lang='lat' dir='ltr'><strong>G.</strong></span> <span class='ocrx_word' id='word_1_370' title='bbox 385 3735 614 3787; x_wconf 80' lang='lat' dir='ltr'><strong>Schwarzius</strong></span> <span class='ocrx_word' id='word_1_371' title='bbox 639 3735 733 3789; x_wconf 84' lang='lat' dir='ltr'><strong>derit.</strong></span> <span class='ocrx_word' id='word_1_372' title='bbox 759 3733 864 3800; x_wconf 76' lang='lat' dir='ltr'><strong>formul.</strong></span> <span class='ocrx_word' id='word_1_373' title='bbox 890 3751 915 3799; x_wconf 38' lang='lat' dir='ltr'><strong>o,</strong></span> <span class='ocrx_word' id='word_1_374' title='bbox 926 3731 1122 3784; x_wconf 77' lang='lat' dir='ltr'><strong>manumissione</strong></span> <span class='ocrx_word' id='word_1_375' title='bbox 1140 3732 1176 3781; x_wconf 81' lang='lat' dir='ltr'><strong>od</strong></span> <span class='ocrx_word' id='word_1_376' title='bbox 1194 3731 1266 3798; x_wconf 76' lang='lat' dir='ltr'><strong>dispe.</strong></span> <span class='ocrx_word' id='word_1_377' title='bbox 1372 3763 1375 3770; x_wconf 90' lang='lat'><strong>.</strong></span> 
     </span>
    </p>
   </div>
   <div class='ocr_carea' id='block_1_8' title="bbox 49 3803 704 3959">
    <p class='ocr_par' dir='ltr' id='par_1_11' title="bbox 49 3803 704 3959">
     <span class='ocr_line' id='line_1_41' title="bbox 49 3803 344 3860; baseline 0.007 -7"><span class='ocrx_word' id='word_1_378' title='bbox 49 3805 176 3859; x_wconf 77' lang='lat' dir='ltr'><strong>translat.</strong></span> <span class='ocrx_word' id='word_1_379' title='bbox 193 3803 246 3856; x_wconf 81' lang='lat' dir='ltr'><strong>Ab.</strong></span> <span class='ocrx_word' id='word_1_380' title='bbox 268 3804 344 3860; x_wconf 83' lang='grc'>1738.</span> 
     </span>
     <span class='ocr_line' id='line_1_42' title="bbox 120 3887 704 3959; baseline 0 -18"><span class='ocrx_word' id='word_1_381' title='bbox 120 3893 155 3956; x_wconf 80' lang='lat'><strong>†)</strong></span> <span class='ocrx_word' id='word_1_382' title='bbox 174 3905 202 3942; x_wconf 82' lang='lat' dir='ltr'><strong>v.</strong></span> <span class='ocrx_word' id='word_1_383' title='bbox 222 3888 298 3942; x_wconf 83' lang='lat' dir='ltr'><strong>Chr.</strong></span> <span class='ocrx_word' id='word_1_384' title='bbox 319 3887 497 3956; x_wconf 77' lang='lat' dir='ltr'><strong>Wildvog.</strong></span> <span class='ocrx_word' id='word_1_385' title='bbox 517 3908 539 3941; x_wconf 87' lang='lat' dir='ltr'><strong>e.</strong></span> <span class='ocrx_word' id='word_1_386' title='bbox 559 3891 577 3946; x_wconf 92' lang='lat' dir='ltr'><strong>l.</strong></span> <span class='ocrx_word' id='word_1_387' title='bbox 597 3905 623 3959; x_wconf 93' lang='lat' dir='ltr'><strong>p.</strong></span> <span class='ocrx_word' id='word_1_388' title='bbox 644 3891 704 3946; x_wconf 80' lang='lat' dir='ltr'><strong>tes.</strong></span> 
     </span>
    </p>
   </div>
   <div class='ocr_carea' id='block_1_9' title="bbox 9 3971 1270 4179">
    <p class='ocr_par' dir='ltr' id='par_1_12' title="bbox 9 3971 1270 4179">
     <span class='ocr_line' id='line_1_43' title="bbox 9 3971 1269 4044; baseline -0.004 -14"><span class='ocrx_word' id='word_1_389' title='bbox 9 4026 12 4035; x_wconf 82' lang='lat'><em>,</em></span> <span class='ocrx_word' id='word_1_390' title='bbox 120 3973 171 4042; x_wconf 85' lang='lat'><strong>††)</strong></span> <span class='ocrx_word' id='word_1_391' title='bbox 194 3974 224 4028; x_wconf 89' lang='lat' dir='ltr'><strong>ln</strong></span> <span class='ocrx_word' id='word_1_392' title='bbox 246 3975 406 4028; x_wconf 79' lang='lat' dir='ltr'><strong>memorabili</strong></span> <span class='ocrx_word' id='word_1_393' title='bbox 434 3975 545 4042; x_wconf 84' lang='lat' dir='ltr'><strong>epistula</strong></span> <span class='ocrx_word' id='word_1_394' title='bbox 565 3975 597 4027; x_wconf 83' lang='lat' dir='ltr'><strong>ot</strong></span> <span class='ocrx_word' id='word_1_395' title='bbox 625 3977 784 4029; x_wconf 73' lang='lat' dir='ltr'><strong>Ianuar-tem</strong></span> <span class='ocrx_word' id='word_1_396' title='bbox 808 3974 857 4044; x_wconf 83' lang='lat' dir='ltr'><strong>llp.</strong></span> <span class='ocrx_word' id='word_1_397' title='bbox 879 3971 995 4026; x_wconf 86' lang='lat' dir='ltr'><strong>cxvttt.</strong></span> <span class='ocrx_word' id='word_1_398' title='bbox 1021 3973 1177 4024; x_wconf 71' lang='lat' dir='ltr'><strong>Retenenrrrr</strong></span> <span class='ocrx_word' id='word_1_399' title='bbox 1198 3972 1269 4039; x_wconf 77' lang='lat' dir='ltr'><strong>ferte</strong></span> 
     </span>
     <span class='ocr_line' id='line_1_44' title="bbox 50 4043 1270 4110; baseline -0.002 -14"><span class='ocrx_word' id='word_1_400' title='bbox 50 4046 93 4096; x_wconf 84' lang='lat' dir='ltr'><strong>vel</strong></span> <span class='ocrx_word' id='word_1_401' title='bbox 109 4045 142 4094; x_wconf 76' lang='lat' dir='ltr'><strong>as</strong></span> <span class='ocrx_word' id='word_1_402' title='bbox 156 4047 292 4110; x_wconf 81' lang='lat' dir='ltr'><strong>Apostolie</strong></span> <span class='ocrx_word' id='word_1_403' title='bbox 312 4047 353 4096; x_wconf 83' lang='lat' dir='ltr'><strong>rel</strong></span> <span class='ocrx_word' id='word_1_404' title='bbox 372 4046 486 4094; x_wconf 75' lang='lat' dir='ltr'><strong>coseoliis</strong></span> <span class='ocrx_word' id='word_1_405' title='bbox 506 4047 688 4098; x_wconf 79' lang='lat' dir='ltr'><strong>commendata.</strong></span> <span class='ocrx_word' id='word_1_406' title='bbox 712 4047 784 4096; x_wconf 69' lang='lat' dir='ltr'><strong>Sicut</strong></span> <span class='ocrx_word' id='word_1_407' title='bbox 800 4045 903 4095; x_wconf 79' lang='lat' dir='ltr'><strong>Domini</strong></span> <span class='ocrx_word' id='word_1_408' title='bbox 918 4043 1008 4108; x_wconf 82' lang='lat' dir='ltr'><strong>pressio</strong></span> <span class='ocrx_word' id='word_1_409' title='bbox 1029 4044 1226 4094; x_wconf 68' lang='lat' dir='ltr'><strong>ressurrectio</strong></span> <span class='ocrx_word' id='word_1_410' title='bbox 1244 4051 1270 4094; x_wconf 81' lang='lat' dir='ltr'><strong>et</strong></span> 
     </span>
     <span class='ocr_line' id='line_1_45' title="bbox 51 4109 1104 4179; baseline -0.003 -15"><span class='ocrx_word' id='word_1_411' title='bbox 51 4114 179 4164; x_wconf 78' lang='lat' dir='ltr'><strong>solventur</strong></span> <span class='ocrx_word' id='word_1_412' title='bbox 197 4113 229 4163; x_wconf 84' lang='lat' dir='ltr'><strong>tle</strong></span> <span class='ocrx_word' id='word_1_413' title='bbox 249 4111 317 4164; x_wconf 86' lang='lat' dir='ltr'><strong>eaelo</strong></span> <span class='ocrx_word' id='word_1_414' title='bbox 335 4113 450 4179; x_wconf 75' lang='lat' dir='ltr'><strong>Spiritus</strong></span> <span class='ocrx_word' id='word_1_415' title='bbox 470 4117 495 4166; x_wconf 87' lang='lat' dir='ltr'><strong>S.</strong></span> <span class='ocrx_word' id='word_1_416' title='bbox 515 4115 699 4164; x_wconf 67' lang='lat' dir='ltr'><strong>anniversariis</strong></span> <span class='ocrx_word' id='word_1_417' title='bbox 716 4115 886 4164; x_wconf 70' lang='lat' dir='ltr'><strong>sollemnitate</strong></span> <span class='ocrx_word' id='word_1_418' title='bbox 900 4113 1073 4167; x_wconf 72' lang='lat' dir='ltr'><strong>celebrantur.</strong></span> <span class='ocrx_word' id='word_1_419' title='bbox 1101 4109 1104 4118; x_wconf 80' lang='grc'><strong>“</strong></span> 
     </span>
    </p>
   </div>
   <div class='ocr_carea' id='block_1_10' title="bbox 7 4196 1267 4407">
    <p class='ocr_par' dir='ltr' id='par_1_13' title="bbox 7 4196 1267 4407">
     <span class='ocr_line' id='line_1_46' title="bbox 8 4196 1267 4268; baseline 0 -17"><span class='ocrx_word' id='word_1_420' title='bbox 8 4213 9 4226; x_wconf 67' lang='grc'>’</span> <span class='ocrx_word' id='word_1_421' title='bbox 119 4197 377 4268; x_wconf 67' lang='lat' dir='ltr'><strong>†††‘)llonorius</strong></span> <span class='ocrx_word' id='word_1_422' title='bbox 394 4199 729 4264; x_wconf 75' lang='lat' dir='ltr'><strong>nugueeoooneusio</strong></span> <span class='ocrx_word' id='word_1_423' title='bbox 751 4199 1057 4250; x_wconf 66' lang='lat' dir='ltr'><strong>commemorares.</strong></span> <span class='ocrx_word' id='word_1_424' title='bbox 1080 4196 1138 4253; x_wconf 83' lang='lat' dir='ltr'><strong>tte.</strong></span> <span class='ocrx_word' id='word_1_425' title='bbox 1159 4199 1267 4252; x_wconf 86' lang='lat' dir='ltr'><strong>serlbit:</strong></span> 
     </span>
     <span class='ocr_line' id='line_1_47' title="bbox 7 4255 1267 4336; baseline -0.002 -17"><span class='ocrx_word' id='word_1_426' title='bbox 7 4255 11 4334; x_wconf 67' lang='lat' dir='ltr'><strong>i</strong></span> <span class='ocrx_word' id='word_1_427' title='bbox 49 4287 101 4336; x_wconf 75' lang='lat' dir='ltr'><strong>per</strong></span> <span class='ocrx_word' id='word_1_428' title='bbox 116 4277 213 4334; x_wconf 76' lang='lat' dir='ltr'><strong>septem</strong></span> <span class='ocrx_word' id='word_1_429' title='bbox 231 4269 286 4319; x_wconf 84' lang='lat' dir='ltr'><strong>rlies</strong></span> <span class='ocrx_word' id='word_1_430' title='bbox 302 4277 446 4331; x_wconf 82' lang='lat' dir='ltr'><strong>pentecoste</strong></span> <span class='ocrx_word' id='word_1_431' title='bbox 463 4269 557 4319; x_wconf 83' lang='lat' dir='ltr'><strong>colitur</strong></span> <span class='ocrx_word' id='word_1_432' title='bbox 569 4278 679 4336; x_wconf 76' lang='lat' dir='ltr'><strong>prepter</strong></span> <span class='ocrx_word' id='word_1_433' title='bbox 693 4277 787 4336; x_wconf 80' lang='lat' dir='ltr'><strong>reptem</strong></span> <span class='ocrx_word' id='word_1_434' title='bbox 801 4269 868 4318; x_wconf 81' lang='lat' dir='ltr'><strong>dono</strong></span> <span class='ocrx_word' id='word_1_435' title='bbox 879 4268 950 4334; x_wconf 74' lang='lat' dir='ltr'><strong>Spir.</strong></span> <span class='ocrx_word' id='word_1_436' title='bbox 963 4271 991 4320; x_wconf 82' lang='lat' dir='ltr'><strong>S.</strong></span> <span class='ocrx_word' id='word_1_437' title='bbox 1004 4265 1062 4322; x_wconf 79' lang='lat' dir='ltr'><strong>vid.</strong></span> <span class='ocrx_word' id='word_1_438' title='bbox 1082 4267 1267 4320; x_wconf 84' lang='lat' dir='ltr'><strong>Duranius</strong></span> 
     </span>
     <span class='ocr_line' id='line_1_48' title="bbox 8 4335 452 4407; baseline 0.002 -17"><span class='ocrx_word' id='word_1_439' title='bbox 8 4339 9 4350; x_wconf 55' lang='lat'>¹</span> <span class='ocrx_word' id='word_1_440' title='bbox 51 4339 158 4407; x_wconf 72' lang='lat' dir='ltr'><strong>dipticae.</strong></span> <span class='ocrx_word' id='word_1_441' title='bbox 178 4337 257 4392; x_wconf 76' lang='lat' dir='ltr'><strong>diario.</strong></span> <span class='ocrx_word' id='word_1_442' title='bbox 274 4335 342 4403; x_wconf 71' lang='lat' dir='ltr'><strong>ostie.</strong></span> <span class='ocrx_word' id='word_1_443' title='bbox 363 4339 389 4403; x_wconf 78' lang='grc' dir='ltr'><strong>θ,</strong></span> <span class='ocrx_word' id='word_1_444' title='bbox 410 4341 452 4391; x_wconf 85' lang='lat'><strong>10.</strong></span> 
     </span>
    </p>
   </div>
   <div class='ocr_carea' id='block_1_11' title="bbox 8 4410 1334 4561">
    <p class='ocr_par' dir='ltr' id='par_1_14' title="bbox 8 4410 1334 4561">
     <span class='ocr_line' id='line_1_49' title="bbox 9 4410 1334 4492; baseline -0.002 -19"><span class='ocrx_word' id='word_1_445' title='bbox 9 4458 12 4473; x_wconf 91' lang='lat'><strong>.</strong></span> <span class='ocrx_word' id='word_1_446' title='bbox 120 4421 171 4492; x_wconf 75' lang='lat'><strong>†*)</strong></span> <span class='ocrx_word' id='word_1_447' title='bbox 194 4421 322 4476; x_wconf 84' lang='lat' dir='ltr'><strong>Probatur</strong></span> <span class='ocrx_word' id='word_1_448' title='bbox 343 4423 392 4474; x_wconf 86' lang='lat' dir='ltr'><strong>boe</strong></span> <span class='ocrx_word' id='word_1_449' title='bbox 411 4429 452 4474; x_wconf 80' lang='lat' dir='ltr'><strong>est</strong></span> <span class='ocrx_word' id='word_1_450' title='bbox 471 4423 604 4476; x_wconf 83' lang='lat' dir='ltr'><strong>tenetisne</strong></span> <span class='ocrx_word' id='word_1_451' title='bbox 631 4421 811 4476; x_wconf 84' lang='lat' dir='ltr'><strong>Gebhardi</strong></span> <span class='ocrx_word' id='word_1_452' title='bbox 839 4422 953 4491; x_wconf 84' lang='lat' dir='ltr'><strong>episcopi</strong></span> <span class='ocrx_word' id='word_1_453' title='bbox 972 4421 1177 4476; x_wconf 81' lang='lat' dir='ltr'><strong>Constantionsis</strong></span> <span class='ocrx_word' id='word_1_454' title='bbox 1199 4417 1267 4486; x_wconf 82' lang='lat' dir='ltr'><strong>opud</strong></span> <span class='ocrx_word' id='word_1_455' title='bbox 1311 4410 1334 4434; x_wconf 79' lang='lat'><strong>&#39;·</strong></span> 
     </span>
     <span class='ocr_line' id='line_1_50' title="bbox 8 4476 1293 4561; baseline -0.005 -15"><span class='ocrx_word' id='word_1_456' title='bbox 8 4476 14 4529; x_wconf 72' lang='lat' dir='ltr'><strong>i</strong></span> <span class='ocrx_word' id='word_1_457' title='bbox 52 4491 242 4546; x_wconf 76' lang='lat' dir='ltr'><strong>baronium</strong></span> <span class='ocrx_word' id='word_1_458' title='bbox 260 4498 323 4546; x_wconf 85' lang='lat' dir='ltr'><strong>tem.</strong></span> <span class='ocrx_word' id='word_1_459' title='bbox 341 4489 390 4546; x_wconf 83' lang='lat' dir='ltr'><strong>Xl.</strong></span> <span class='ocrx_word' id='word_1_460' title='bbox 418 4493 509 4551; x_wconf 76' lang='lat' dir='ltr'><strong>emet.</strong></span> <span class='ocrx_word' id='word_1_461' title='bbox 526 4493 564 4544; x_wconf 77' lang='lat' dir='ltr'><strong>etl</strong></span> <span class='ocrx_word' id='word_1_462' title='bbox 582 4509 626 4549; x_wconf 81' lang='lat' dir='ltr'><strong>su.</strong></span> <span class='ocrx_word' id='word_1_463' title='bbox 645 4495 721 4552; x_wconf 79' lang='grc'>1094.</span> <span class='ocrx_word' id='word_1_464' title='bbox 745 4494 789 4561; x_wconf 86' lang='lat' dir='ltr'><strong>qui</strong></span> <span class='ocrx_word' id='word_1_465' title='bbox 813 4493 906 4546; x_wconf 74' lang='lat' dir='ltr'><strong>muttit</strong></span> <span class='ocrx_word' id='word_1_466' title='bbox 929 4509 986 4545; x_wconf 75' lang='lat' dir='ltr'><strong>esee</strong></span> <span class='ocrx_word' id='word_1_467' title='bbox 1003 4491 1143 4553; x_wconf 70' lang='lat' dir='ltr'><strong>uetuere,</strong></span> <span class='ocrx_word' id='word_1_468' title='bbox 1164 4497 1195 4542; x_wconf 79' lang='lat' dir='ltr'><strong>st</strong></span> <span class='ocrx_word' id='word_1_469' title='bbox 1212 4495 1267 4540; x_wconf 81' lang='lat' dir='ltr'><strong>taen</strong></span> <span class='ocrx_word' id='word_1_470' title='bbox 1284 4533 1293 4546; x_wconf 70' lang='lat'><strong>.‚</strong></span> 
     </span>
    </p>
   </div>
   <div class='ocr_carea' id='block_1_12' title="bbox 0 0 1506 4892">
    <p class='ocr_par' dir='ltr' id='par_1_15' title="bbox 0 0 1506 4892">
     <span class='ocr_line' id='line_1_51' title="bbox 0 0 1506 4892; baseline 0 0"><span class='ocrx_word' id='word_1_471' title='bbox 0 0 1506 4892; x_wconf 95' lang='lat' dir='ltr'><strong> </strong></span> 
     </span>
    </p>
   </div>
  </div>
 </body>
</html>
