2944 4904
401 303 443 366 ,do
460 301 508 366 die
522 299 615 368 rotali
633 299 810 369 senonum.
944 379 947 386 ,
1158 303 1223 374 12⁸

45 469 171 534 lasileeusi
184 491 261 536 sess.
278 473 332 538 36.
349 475 386 537 ab
404 475 542 557 lingerio
558 475 609 542 Ν.
626 479 744 540 decreta
762 485 840 554 mut,
857 495 912 538 nos
925 495 984 538 non
1000 483 1134 556 ungunt.
1161 479 1222 544 Sed

44 561 247 634 quemadmodum
264 562 296 622 iu
315 561 491 638 celebrando
507 561 664 646 pasebetos
681 565 757 627 festo
775 584 870 646 nuper
885 562 1103 644 sapientissimo
1120 565 1222 628 eonsi-

44 642 66 703 liu
77 643 139 724 lites,
156 658 242 710 antea
260 648 380 730 saepius
397 660 487 730 ortae,
505 651 684 732 compositae
703 661 780 727 suot,
806 649 963 714 eoncordia
979 650 1010 712 in
1026 650 1085 714 ritu
1103 663 1222 714 externo

44 731 65 789 al
77 731 105 792 iis
119 737 259 810 mandata,
275 736 324 816 qui
337 737 390 817 jus
407 739 514 800 babent
530 737 614 818 leges
637 739 769 800 ferendi:
799 737 840 801 ita
862 737 932 799 indo
957 740 995 800 ab
1021 759 1055 800 eo
1084 748 1222 819 tempore,

43 837 79 896 quo
91 819 165 880 uobis
182 821 277 884 saeris
294 823 405 886 nostris
420 824 462 885 uti
478 822 572 902 licuit,
588 823 619 886 in
637 825 812 888 celebrando
831 824 996 888 'nativitatis
1020 825 1128 887 Obristi
1144 826 1221 888 iesto

42 903 254 975 dieruneoudianr
278 912 397 972 turbare
414 911 523 972 nemini
547 911 679 973 venitin
703 921 837 974 ruentem.
869 913 915 973 ru
938 914 1222 976 commemorandum

42 999 59 1050 rt
71 1003 137 1072 grato
152 995 249 1058 aniene
264 996 452 1058 recolendum
471 997 654 1076 benefiuinm,
671 1001 749 1080 quod
765 1001 892 1060 adventu
908 1017 963 1062 suo
978 998 1011 1060 iu
1028 1019 1083 1061 nos
1099 999 1222 1062 eontulit

41 1076 145 1142 Servetur
162 1083 345 1163 promissus,
370 1083 483 1148 nullam
507 1105 574 1148 esse
600 1081 777 1165 cognitionis
805 1085 863 1148 diei
881 1084 988 1156 natalis
1005 1086 1221 1166 necessitatem,

40 1165 98 1227 uubis
112 1189 281 1248 persuasum
300 1169 454 1235 babemus.
494 1171 679 1234 curiositatis
695 1180 742 1233 est
769 1171 852 1234 illurn
873 1171 1073 1252 investigare,
1105 1174 1221 1236 vanitu-

41 1249 64 1310 tis
76 1274 103 1315 ex
116 1254 270 1320 leuissimis
289 1258 469 1340 conjecturis
488 1257 645 1340 colligere,
664 1258 889 1339 praesumtionis
902 1257 1041 1336 delinire,
1058 1261 1221 1342 tyrannidis

40 1357 84 1400 eum
97 1343 244 1407 obtrudere
264 1357 292 1407 et
308 1348 344 1407 ad
362 1346 477 1408 somnia
493 1367 549 1410 sua
567 1345 682 1408 alienas
700 1345 895 1408 conscientias
911 1347 1107 1425 adstringere.

98 1428 205 1494 interim
221 1453 279 1494 nee
295 1431 333 1494 iis
348 1435 505 1496 adsensum
523 1435 708 1514 praebemus,
728 1433 777 1514 qni
794 1433 825 1494 in
840 1434 969 1496 eruenda
986 1433 1102 1514 origiue
1116 1435 1222 1498 luorum
1239 1484 1243 1492 .

42 1510 179 1580 sollemnium
195 1515 382 1598 κακοζηλίας
397 1530 538 1582 accusant
554 1519 739 1583 Christianos
762 1529 850 1601 atquo
866 1519 992 1600 gentiles
1009 1519 1138 1584 inuitatos
1154 1541 1222 1586 esse

44 1597 117 1680 lioout,
131 1605 178 1686 qui
194 1606 232 1686 in
243 1606 370 1684 gratiam
389 1607 595 1689 imperatorum
615 1615 837 1688 patronorumve
852 1605 983 1668 natalitia
999 1607 1221 1687 celebraverint,

43 1697 157 1754 autsaura
171 1693 328 1774 gentilium
347 1690 487 1756 consueta
502 1694 533 1754 im
558 1715 666 1758 moretur
692 1693 884 1756 christianum
909 1704 1124 1758 transmutasse
1148 1717 1222 1758 oon·

43 1777 128 1840 tendunt
142 1799 195 1842 neu
210 1801 313 1842 eornm
328 1781 481 1842 aodaeiarn
497 1781 648 1844 ferendam
667 1801 733 1846 esse
750 1792 903 1861 putamus,
920 1781 971 1861 qui
988 1781 1018 1842 in
1035 1782 1222 1844 sernsnibos

43 1863 105 1926 nuris
121 1887 224 1948 magua
240 1866 351 1929 fiducia
366 1867 509 1931 clamant:
530 1867 577 1928 bio
592 1867 655 1930 dies
673 1879 717 1930 est
732 1867 848 1944 natalis,
863 1867 951 1930 bodie
965 1878 1054 1930 natus
1072 1878 1117 1930 est
1134 1867 1223 1930 Cluui·
1316 1896 1324 1908 ·

43 1955 88 2009 utus.
104 1952 312 2017 Abstinendum
328 1962 373 2016 est
387 1955 425 2018 ab
441 1954 709 2018 asseverationibus
725 1953 854 2034 frigidis,
870 1953 979 2036 quibus
996 1951 1077 2035 plebi
1093 1964 1145 2016 aot
1160 1953 1220 2018 ial-

44 2053 83 2096 eun
97 2043 204 2104 credero
223 2049 277 2104 aut
292 2041 377 2122 pleno
402 2041 555 2106 iuoertuou‘
571 2063 624 2123 pro
650 2051 729 2104 esrto
747 2042 856 2104 babere
875 2040 1049 2122 injungitur.
1083 2040 1220 2106 (iuterna

43 2118 163 2201 duruerint
177 2128 280 2192 uerbis
296 2128 530 2192 subscribimus:
560 2129 646 2206 „Una
661 2128 856 2192 saluberrima
872 2127 978 2209 regula
998 2129 1150 2191 retinenda
1168 2136 1221 2206 usi,

43 2218 138 2292 llqum
152 2237 210 2278 non
228 2225 300 2277 sunt
318 2226 418 2278 eontra
440 2215 525 2279 fidem
543 2217 638 2299 oeque
658 2218 751 2278 bonos
769 2236 866 2279 mores
883 2223 912 2276 et
928 2217 1036 2278 babent
1055 2213 1166 2296 aliquid
1183 2215 1221 2279 at

42 2295 232 2366 unbertutiooena
250 2302 327 2365 ritae
353 2303 492 2380 melioris,
514 2303 683 2384 ubieunque
709 2301 820 2364 institui
854 2301 986 2364 uidemus
1011 2302 1057 2364 rel
1089 2300 1222 2364 instituta

43 2388 207 2468 cognorimus,
219 2411 280 2452 uon
298 2389 393 2453 solum
409 2412 469 2454 nou
484 2389 695 2470 improbemus,
711 2389 762 2450 sed
780 2388 867 2452 etiarm
881 2387 1028 2450 laudando
1044 2390 1222 2450 sectentur.“

42 2467 77 2548 Ill·
89 2478 119 2537 tl
132 2478 251 2542 launar.
272 2475 376 2542 CXIX.
