3006 4894
515 306 552 366 tiu
568 301 679 367 iuliane
694 321 844 368 mannum.
1219 308 1282 373 ³71

71 499 127 560 que
144 476 301 540 taurinen
317 497 411 561 aquae
428 487 565 560 respectu
580 479 652 542 iilud
668 480 731 544 iere
749 475 946 556 constituitur,
964 479 1043 560 quui
1057 476 1129 541 latio
1145 499 1284 546 manuum
1327 477 1338 500 “

10 583 11 600 ’
69 565 354 648 tarquiniensis,
378 567 571 632 atiutnrersio
591 587 804 632 munuumnan
828 567 858 629 in
881 566 1013 645 haustis,
1039 570 1091 630 sed
1115 566 1147 629 in
1170 566 1283 634 iarauri
1334 603 1338 609 ·
1404 621 1413 628 .

10 601 12 714 i
70 664 181 718 tantun
199 654 285 736 aquis
302 654 479 736 perficientia
496 655 544 720 sit.
569 656 661 718 Purra
679 659 820 738 quaedam
837 655 944 718 ibidem
959 655 1104 719 formatur
1118 655 1283 722 differentia

10 719 12 818 i
70 745 146 805 inter
161 763 254 824 aquas
270 743 379 824 primas
395 753 423 806 et
438 743 514 806 intur
529 740 688 807 secundis.
727 743 829 826 Siquis
847 743 923 806 rniut
941 745 1082 806 sacerdos
1097 745 1200 808 ambas
1218 767 1283 809 nta-

10 819 11 902 i
70 851 128 893 nus
144 831 494 908 tantumtanturn
511 831 632 913 prinam
650 835 792 908 comedat,
810 842 868 894 tunt
884 841 987 913 postea
1003 853 1056 896 eus
1070 832 1157 914 aquis
1171 853 1282 898 sacun-

71 919 117 982 dis
134 917 218 980 iilam
233 919 334 982 lavare
350 921 475 998 debere,
500 929 532 981 ut
555 919 629 1000 ipsis
654 919 849 983 mediantibus
873 919 984 1001 primas
1007 939 1101 1002 aquas
1124 933 1281 1002 removeat,

71 1027 147 1090 quae
164 1027 301 1069 mannum
317 1006 544 1090 inquinamentis
558 1005 686 1088 pollutae
702 1008 840 1084 fuerunt3
857 1015 885 1069 et
899 1006 926 1069 si
941 1007 1026 1088 panis
1044 1006 1202 1073 ablationis
1218 1011 1283 1092 pri·

9 1155 10 1170 ,
69 1115 136 1162 mae
153 1094 288 1158 insiderit
310 1093 342 1156 in
362 1116 468 1177 aquus,
490 1095 614 1178 quibus,
640 1095 734 1180 primu
748 1096 831 1172 rice,
856 1115 962 1158 manns
978 1093 1098 1160 ablutae
1114 1107 1200 1176 sunt,
1222 1108 1289 1162 tun·

9 1193 10 1202 ’
70 1181 214 1266 poliutum
232 1183 320 1246 istum
337 1203 425 1261 essa3
444 1193 550 1246 utnon
567 1181 652 1259 itera,
670 1183 697 1244 si
713 1179 740 1247 is
758 1184 787 1244 in
804 1186 952 1246 secuntias
968 1183 1114 1247 inciderit.
1146 1185 1207 1248 Seri
1222 1207 1283 1249 nan

69 1271 153 1334 lubet
168 1270 337 1334 huiusmodi
353 1271 544 1334 recensendis
561 1267 689 1351 tnnpiius
703 1271 751 1334 irie
766 1271 924 1348 intimaturi,
946 1292 1011 1333 uum
1030 1271 1134 1354 oppidu
1151 1273 1182 1334 iu
1198 1293 1283 1336 nten-

9 1413 12 1464 q
70 1369 127 1424 teta
144 1358 243 1422 veniat
263 1359 366 1436 uubis,
391 1359 468 1442 qnod
485 1357 697 1438 Maimunittes,
721 1357 769 1422 iris
793 1359 970 1438 enarratis„
979 1359 1151 1440 subiungit:
1179 1381 1283 1428 amnes

9 1482 12 1522 μ
68 1445 205 1511 videlieet
227 1445 296 1510 iiius
319 1447 445 1510 lotiones
477 1449 514 1509 ab
539 1445 667 1508 externis
693 1446 981 1528 eorporispar'tihus
1006 1449 1195 1512 aduniamur
1215 1464 1283 1513 esse

9 1531 13 1578 3'
70 1535 302 1602 transferendas.
335 1534 977 1616 Euminffinetu,ait‚a·Supieutiir'nsalirn
995 1535 1103 1600 dietum
1120 1557 1204 1615 esse,
1226 1530 1284 1602 'rsa

9 1578 14 1715 i
69 1617 139 1687 ,Bau
154 1614 195 1685 sti
211 1613 282 1686 uitta
297 1639 384 1704 ptura
402 1617 456 1686 trit
491 1621 551 1702 Qui
566 1643 600 1684 se
618 1621 792 1686 immerserit
806 1645 862 1686 neu
878 1623 1007 1692 animum
1025 1624 1195 1703 attenderit,
1211 1645 1284 1706 per·

10 1718 14 1801 ξ
67 1709 139 1772 iutie
155 1709 226 1788 erit,
251 1729 286 1774 ue
302 1709 327 1772 si
350 1731 409 1772 uon
427 1709 601 1780 imaterserit
621 1728 664 1772 se.
703 1711 752 1772 Ex
774 1709 812 1772 iis
829 1713 944 1772 demum
967 1713 1116 1792 sapienter
1131 1711 1283 1793 praecipit,

11 1810 14 1821 '
43 1821 55 1878 γ
69 1799 150 1880 quud
173 1795 252 1859 sieut
272 1819 380 1880 carpus
397 1797 482 1880 aquis
509 1796 695 1860 terrestribus
720 1800 757 1858 air
781 1797 1007 1880 inquinamentis
1032 1793 1282 1882 paganissima,

68 1885 111 1948 ita
128 1883 244 1948 animus
260 1907 393 1968 quoque,
413 1907 430 1948 a
446 1883 648 1967 spiritualibus
665 1883 890 1968 impuritatibus,
908 1885 940 1948 in
956 1885 1019 1948 dies
1036 1885 1181 1968 singulus,
1197 1883 1282 1970 aquis

68 1972 155 2054 viris,
173 1971 192 2038 i.
212 1995 238 2039 e.
252 1967 343 2066 'penho
361 1973 416 2037 Dei
433 1971 607 2058 purgandus
627 1971 675 2035 sit.
