2916 4904
254 217 256 224 >
336 252 355 318 '.
463 265 598 330 detesto
620 228 762 348 paschae.
882 287 885 306 ·
1178 271 1236 376 37¹

47 435 164 498 ethniceti
180 435 257 500 'circa
273 459 301 502 u.
317 425 387 502 Chr.
406 439 478 502 179.
502 441 560 500 sub
574 439 743 502 Eleutherio
760 460 837 522 papa
853 437 918 522 (qui
933 418 1045 522 primus
1063 441 1220 525 episcopo-

45 545 86 584 rum
98 545 267 586 romanorum
283 535 375 586 morte
399 545 460 587 non
474 525 603 589 violenta
619 528 720 607 periit)
748 527 946 590 controversia
961 531 997 590 de
1020 529 1068 590 die
1086 530 1220 609 paschali

44 615 91 672 adeo
110 611 237 688 invaluit,
262 621 296 673 ut
319 611 435 692 publice
458 633 575 694 quoqne
598 612 668 676 libri
684 615 740 675 lrac
762 617 798 676 de
822 635 854 677 re
878 617 1042 679 ederentur.
1073 615 1219 680 Asiaticos

43 700 126 758 duobus
137 699 239 760 libellis
257 699 385 760 defendit
400 700 523 776 Melite,
541 700 633 779 episc.
652 701 748 777 Sard,
766 702 829 781 (qni
847 702 973 763 omnium
990 702 1101 782 primum
1115 725 1220 765 nume-

42 807 84 846 uro
97 785 224 846 librorum
240 785 449 848 canonicorum
471 787 502 848 in
527 787 652 849 ecclesia
669 788 809 869 scripsit)
826 789 976 850 Romanos
1000 789 1129 850 defendit
1146 790 1220 852 Clo-

42 891 99 932 ncus
112 873 197 948 Alex,
215 874 331 934 condito
349 873 431 954 cyclo
449 873 589 953 paschali.
603 909 640 920 -—
659 875 686 956 ξ
696 874 726 934 4.
745 874 833 936 Circa
848 875 962 936 initium
979 895 1039 937 sec.
1050 875 1100 936 lll.
1118 877 1220 938 eadem

41 959 249 1020 controversiain
265 957 389 1022 formale
413 960 541 1021 schisma
565 961 706 1042 prorupit.
737 962 811 1022 Nam
828 961 929 1024 Victor
950 982 1026 1041 papa
1051 983 1151 1023 omnes
1169 983 1220 1024 ec-

42 1041 120 1106 clesias
133 1046 159 1106 in
175 1047 260 1122 Asia,
278 1047 411 1127 quamvis
435 1055 593 1128 nrartyrunr
610 1047 754 1126 sangnine
771 1047 902 1121 nobiles,
927 1049 1081 1130 praecipiti
1096 1050 1221 1126 anathe-

41 1141 93 1190 nnte
113 1133 251 1211 percussit
274 1141 304 1193 et
326 1135 603 1210 excommunicavit,
628 1155 686 1194 nou
712 1135 798 1196 aliam
824 1136 860 1195 ob
879 1155 1016 1211 causam,
1039 1155 1125 1216 qnam
1142 1139 1221 1216 quod

42 1218 164 1280 Christiani
187 1220 216 1280 iu
242 1220 314 1280 Asia
339 1223 440 1282 eodem
465 1220 512 1282 die
537 1242 602 1282 cum
620 1221 741 1282 ludaeis
766 1223 875 1300 pascha
900 1231 1032 1300 agerent.
1063 1223 1122 1284 Sed
1146 1224 1220 1284 haec

41 1306 224 1384 praecipitantia
235 1306 361 1372 Victoris
377 1306 517 1370 studiosis
535 1307 709 1368 concordiae
727 1307 857 1388 virisque
873 1308 1116 1370 moderationibus
1133 1307 1220 1370 raldo

41 1391 165 1470 displicuit.
195 1393 295 1454 Nostri
311 1395 445 1454 doctd'res
463 1393 644 1470 existimant,
661 1395 815 1456 anathema
830 1396 885 1456 hoc
901 1395 1029 1458 Victoris
1047 1395 1219 1482 fnissepri7

40 1481 217 1558 numragr'tnm
227 1479 390 1542 antichristi
399 1481 494 1542 adhuc
502 1480 621 1559 infantis
631 1481 661 1540 iu
673 1481 811 1542 cathedra
819 1481 908 1543 Petri.
927 1481 1102 1562 Cumprimis
1113 1482 1145 1544 S.
1155 1482 1219 1543 lre-

41 1583 115 1639 naeus,
122 1567 252 1646 Lugduni
264 1567 294 1626 iu
305 1567 403 1629 Gallia
415 1567 516 1648 episc,
528 1568 677 1648 egregiam
690 1569 841 1648 epistolam
855 1578 956 1629 contra
970 1568 1221 1648 praecipitantium

41 1648 97 1711 illam
104 1653 192 1733 Papae
207 1653 341 1734 scripsit,
349 1675 425 1736 quae
432 1664 517 1716 extat
527 1657 622 1716 adhuc
640 1659 717 1734 apud
732 1656 842 1717 Euseb.
852 1656 919 1716 hist.
929 1651 1101 1728 eccl.5‚24.
1134 1655 1220 1717 Unde

42 1737 156 1814 discimus,
168 1741 198 1802 S.
208 1741 361 1802 Irenaeum
378 1741 614 1804 infallibilitatem
631 1762 724 1822 papae
743 1763 802 1802 nou
817 1741 986 1804 credidisse.
997 1775 1034 1788 -
1045 1740 1072 1822 §.
1082 1743 1112 1804 5.
1128 1742 1220 1822 Sopi-

43 1833 83 1884 tum
96 1827 196 1905 quidem
212 1849 272 1890 sec.
284 1827 334 1888 lll.
348 1828 475 1890 schisma
492 1831 527 1889 de
544 1829 590 1890 die
607 1830 743 1908 paschae,
761 1831 812 1890 sed
832 1836 899 1908 post
921 1829 998 1890 intra
1015 1849 1074 1888 seo.
1094 1829 1145 1888 lll.
1164 1831 1219 1890 sub

44 1909 249 1976 Constantinollf.
258 1914 418 1976 recruduit.
441 1917 515 1976 Nam
535 1916 756 1978 laudatissimus
768 1916 815 1976 lrio
825 1915 982 1996 imperator
993 1914 1127 1990 Hosium,
1140 1915 1220 1993 cpis-

45 2015 121 2076 copum
135 2000 356 2074 Cordubenseni‚
373 2001 466 2062 uirum
482 2002 512 2062 in
530 2002 663 2064 conciliis
683 2003 827 2064 celebrem
846 2011 889 2078 et,
907 2011 939 2064 ut
955 2003 1053 2084 ajunt,
1070 2009 1221 2082 auctorem

46 2085 131 2145 concilii
141 2087 246 2163 Nineui,
257 2091 293 2149 ad
303 2088 452 2150 Asiaticos
469 2089 545 2150 misit
562 2101 591 2150 et
606 2089 725 2151 comiter
742 2091 862 2165 monuit,
878 2109 914 2151 ne
931 2090 1126 2168 inposterum
1143 2087 1221 2174 diem

46 2172 214 2246 paschae‘oum
227 2175 347 2236 ludaeis
366 2169 609 2256 χριστοκιόνοις,
636 2177 685 2257 qui
708 2177 865 2240 Dominum
881 2176 1113 2252 crucifixissent,
1138 2168 1220 2239 com'-

47 2277 133 2320 munem
145 2263 285 2337 haberent.
318 2263 380 2324 Sed
396 2262 517 2323 Asiatici
535 2267 767 2342 responderunt,
786 2263 860 2324 diem
884 2264 999 2343 quidem
1018 2283 1082 2322 oum
1100 2261 1220 2323 ludaeis

47 2342 92 2401 sibi
105 2366 277 2427 communem,
304 2351 357 2410 sed
373 2347 479 2410 festum
500 2349 689 2410 christianum
715 2369 790 2410 esse.
824 2351 867 2409 ltu
883 2369 915 2408 re
931 2349 1040 2408 inlecta
1055 2347 1167 2408 Hosius
1184 2366 1222 2407 ex

46 2428 103 2490 Asia
116 2433 237 2498 discessit.
270 2438 404 2498 'faudem
423 2457 493 2498 vero
514 2436 545 2494 in
568 2433 693 2496 concilio
720 2433 908 2495 oecumenico
924 2433 990 2494 Nic.
1019 2429 1146 2493 ecclesia
1162 2451 1221 2490 uu-

48 2516 115 2577 aninri
130 2540 256 2585 consensu
273 2522 386 2598 sanxit,
403 2534 435 2583 ut
452 2543 503 2602 per
519 2529 610 2583 toturn
627 2524 725 2582 orbem
745 2519 933 2581 christianum
951 2518 1060 2598 pascha
1077 2535 1136 2576 uon
1153 2535 1221 2577 cum

49 2603 137 2669 ludaeis
158 2609 288 2690 usquein
306 2609 474 2671 memoriam
491 2627 601 2670 coenae
618 2607 795 2682 dominicae,
824 2608 875 2668 sed
893 2605 939 2666 die
955 2604 1109 2686 quotannis
1127 2602 1222 2665 domi-

51 2691 96 2750 nico
109 2693 134 2754 in
150 2697 304 2760 memoriam
324 2695 553 2758 ‘resurrectionis
571 2705 717 2775 ageretur.
750 2694 822 2756 Post
844 2713 985 2754 canonem
1009 2693 1087 2753 huno
1103 2712 1223 2752 reman-

51 2791 125 2840 serunt
148 2783 252 2862 quidem
276 2784 411 2861 nonnulli
436 2776 815 2860 τεσσαρεσκαιδεκατίται,
841 2781 889 2861 qui
915 2777 1040 2842 concilio
1057 2779 1123 2842 Nic.
1140 2779 1223 2840 aliud

50 2863 162 2929 decretum
177 2880 377 2951 opposuerunt,
394 2870 501 2940 dictum
520 2869 719 2950 adiaphornm‚
736 2871 812 2948 quod
830 2871 866 2928 de
882 2889 913 2928 re
930 2865 1108 2928 indifferenti
1126 2875 1220 2938 essct3

51 2961 69 3009 et
80 2954 134 3032 quia
147 2966 239 3018 auctor
252 2959 341 3040 hujus
359 2957 467 3019 decreti
483 2960 642 3020 vocabatur
658 2959 822 3032 Sabbotinr,
839 2955 926 3014 homo
944 2952 1135 3027 Noratiauns,
1152 2951 1222 3010 dicti

50 3051 95 3099 sont
108 3045 272 3121 balbutiunt,
288 3045 339 3126 'qui
357 3044 480 3106 concilio
496 3044 609 3106 Nicone
625 3046 680 3104 hac
703 3043 733 3102 in
750 3064 782 3104 re
807 3063 840 3102 se
864 3048 1053 3121 opponerent.
1086 3039 1223 3098 Tandem

50 3131 117 3187 tanen
132 3124 331 3197 Constantinus
347 3133 391 3194 M.
409 3141 437 3192 et
453 3129 558 3193 concil.
575 3131 641 3194 Nic.
664 3129 694 3190 in
719 3137 827 3191 tanturn
852 3127 1032 3210 praevaluit,
1048 3125 1127 3187 utin
1143 3126 1222 3186 hunc

50 3229 117 3292 nsque
131 3217 195 3282 diem
212 3229 287 3282 totus
304 3219 384 3292 orbis
402 3217 578 3280 christianus
593 3218 704 3298 pascha
721 3217 767 3278 die
786 3216 930 3277 dominico
946 3213 1083 3276 celebret.
1097 3247 1136 3258 -
1152 3213 1180 3296 d.
1191 3213 1222 3274 o.

50 3296 132 3362 Nomen
145 3307 277 3384 paschae,
300 3306 348 3368 vel
373 3305 482 3368 rectius
498 3307 591 3382 Pesa,
614 3305 759 3366 Hebraeis
777 3325 794 3365 a
811 3302 1001 3369 transiliendo
1031 3299 1136 3361 dicitur
1166 3319 1222 3359 uec

51 3393 89 3445 tun
102 3392 234 3454 transitum
249 3391 447 3454 lsraclitarum
467 3414 517 3472 per
534 3411 612 3454 mure
628 3394 765 3466 rubrum,
783 3409 858 3469 quae
875 3386 959 3466 uulgi
976 3395 1020 3448 est
1037 3386 1152 3466 opinio,
1169 3387 1223 3446 sed

51 3474 229 3543 transilitionem
245 3481 290 3542 rel
308 3481 414 3542 saltum
432 3478 532 3559 augeli
546 3477 731 3560 percussoris
748 3479 890 3551 denotat,
901 3473 950 3554 qui
969 3491 1034 3532 cum
1050 3481 1150 3551 postes
1167 3473 1222 3529 do·

52 3563 102 3622 min
122 3566 336 3630 lsraeliticorum
360 3565 506 3646 sanguino
532 3567 601 3646 agni
628 3563 775 3646 paschalis
798 3581 953 3642 respersas
979 3566 1127 3633 cerneret,
1150 3555 1224 3617 nihil

52 3662 116 3712 nexae
129 3653 222 3718 iisdem
238 3655 348 3716 inferre
364 3663 495 3734 poterat3
516 3655 601 3734 cujus
613 3651 746 3732 angelici
762 3650 901 3712 transitus
919 3645 1092 3742 memoriam
1100 3642 1223 3744 lspaeli·

52 3737 82 3793 tae
96 3750 182 3820 annno]
196 3743 272 3806 festo
291 3741 417 3824 paschae
436 3741 630 3803 celebrarunt.
662 3739 741 3800 Hinc
756 3739 902 3819 losephus
927 3739 1041 3813 festerna.
1052 3753 1110 3823 της
1123 3751 1223 3814 υπερ-

53 3813 138 3896 βάσεως
159 3835 287 3910 appellnt.
319 3830 382 3892 Nos
399 3828 577 3907 Christiani,
602 3827 656 3889 etsi
681 3826 757 3888 festo
775 3826 912 3907 paschae¹
926 3843 981 3884 uec
1004 3819 1156 3882 transitum
1173 3840 1224 3899 per

53 3918 226 3978 nurerubmm
251 3937 306 3978 uec
332 3916 533 3978 transitionem
558 3913 657 3994 angeli
680 3912 867 3994 percussoris
892 3910 1093 3984 recordemur,
1117 3925 1224 3969 nomen
1269 3991 1271 3997 A

54 4000 118 4057 tanen
129 4007 246 4081 paschae
259 3995 425 4076 retinemur,
439 4004 508 4084 quia
519 4005 621 4064 eodem
635 4000 710 4061 festo
726 4021 781 4062 nos
793 3996 939 4076 sauguine
953 3995 1023 4075 agni
1034 3992 1223 4069 immaculati,

54 4077 71 4140 l·
83 4103 102 4142 t·
115 4086 210 4154 Christi
225 4093 390 4172 redemptos
409 4101 437 4152 et
454 4093 491 4152 ab
509 4089 615 4168 angelo
633 4107 820 4167 percussore,
838 4085 868 4147 h.
882 4105 907 4146 e.
921 4103 939 4144 a
955 4084 1066 4145 Satara
1082 4081 1233 4172 liberatos,

55 4185 213 4242 memoramus.
236 4165 386 4241 Germani
402 4186 524 4242 vocant:
550 4177 674 4253 Ostern,
697 4177 735 4236 ab
751 4171 869 4252 antiqua
898 4192 986 4234 uoce:
1011 4167 1155 4232 Urstende
1177 4163 1225 4228 vel

55 4249 248 4346 inierstohuug,
265 4267 336 4347 quia
356 4269 413 4328 hoo
428 4265 504 4328 festo
528 4263 775 4326 resurrectionem
800 4258 908 4321 Christi
933 4257 1134 4340 expendimus.
1166 4251 1225 4313 dlii

55 4351 140 4414 litlot:
164 4352 267 4416 lietera
300 4353 359 4416 dici
375 4357 410 4415 ob
424 4357 534 4429 hostie,
558 4353 637 4412 uude
662 4352 748 4413 etiam
767 4344 927 4430 paschales
948 4347 1061 4408 oblatae
1079 4341 1225 4403 dicuutur.

55 4423 107 4492 Nan
118 4447 140 4499 ot
153 4447 202 4505 hos
217 4441 377 4506 Christiani
392 4441 518 4506 bostiam
532 4441 674 4504 habemus
697 4458 750 4520 pro
774 4435 860 4500 nobis
875 4434 1068 4506 immolatam,
1086 4445 1160 4506 quae
1178 4432 1225 4484 est
