2944 4904
88 333 94 336 -
204 297 241 358 de
256 293 334 376 orig.
351 291 457 393 sollen.
473 293 565 360 nalal·
581 291 650 361 cti.
666 315 706 358 en
722 295 818 362 iestir⁸
835 290 943 360 natalie
960 293 1070 362 invicti.
1179 285 1250 366 lid*

32 469 128 532 matris
144 461 236 547 idem,
253 488 289 530 ae
305 466 433 532 Mithrae
445 469 512 531 'sire
534 467 607 530 solis
624 467 697 532 dios.
721 467 796 532 Nam
813 477 926 532 veteres
944 469 1083 533 Germani
1102 457 1254 553 quemad-¹

30 560 145 618 modum
165 557 232 637 ejus
249 555 472 626 consuetudinis
488 554 631 636 reliquiae
654 557 683 616 in
701 555 853 619 rooahnlis
882 561 1080 622 Weihnenhteu
1107 569 1135 622 et
1161 566 1246 622 Foet-

30 649 147 706 noehten
167 643 374 723 snpemnnt*),
394 644 532 723 temporis
549 643 644 723 spatia
661 663 720 704 non
736 643 847 706 dierum
866 641 1084 725 appellatione,
1111 649 1164 708 sed
1189 667 1246 707 no·-
1319 711 1321 719 ,

30 733 116 793 etium
135 729 324 794 definierunt.
357 731 441 808 Quae
458 730 575 792 illorum
600 751 673 810 erga
690 732 768 792 lanne
790 730 937 793 iurieti
963 733 1135 795 natalem
1159 753 1246 796 reee-

29 819 124 880 rentia
152 817 252 880 eiieoit
274 817 344 888 illud
375 817 482 895 etiam,
508 825 543 879 nt
564 817 627 879 dies
643 839 709 879 eum
727 817 856 898 proximo
876 819 1068 899 insequentes
1092 820 1246 882 duodecin

26 905 179 986 singulari
197 923 269 966 eura
286 914 314 966 et
330 904 484 984 diligentia
505 907 695 967 observarent
711 925 746 966 ae
765 901 1013 986 numerarent**),
1041 905 1161 987 opinor,
1187 929 1247 968 non

28 995 102 1073 qnod
130 991 296 1054 eliioaeiam
321 991 365 1052 oie
389 991 434 1054 rel
462 993 646 1054 sanctitatem
669 991 796 1072 aliquam
821 985 1024 1072 superstitiose
1048 993 1248 1072 attribuerent,

25 1083 77 1142 sed
95 1079 197 1160 plane,
217 1080 286 1158 quia
302 1077 377 1140 solis
399 1079 566 1140 indiarum
584 1089 772 1159 augmentum
792 1080 926 1142 conversi
943 1080 1055 1142 reditus
1080 1081 1211 1144 nonnisi
1230 1102 1248 1144 a

25 1165 257 1248 speculantilins
276 1186 327 1246 per
343 1165 421 1226 illam
438 1161 612 1228 tenesmon
623 1165 812 1229 animadverti
829 1176 925 1247 potest
936 1164 1006 1246 '**).

25 1371 92 1417 eum,
116 1359 150 1402 ret
167 1353 342 1417 suspicamur,
364 1354 573 1416 ceremoniarum,
593 1369 659 1420 quos
678 1353 707 1402 in
724 1371 756 1402 eo
772 1355 916 1419 pervigiles
934 1355 1059 1418 agebunt.
1078 1353 1092 1404 J
1102 1369 1146 1404 os.
1168 1353 1248 1406 See·

27 1424 125 1486 liger
146 1421 296 1475 demean.
314 1430 391 1486 temp.
411 1423 429 1472 l.
451 1428 476 1474 9.
498 1439 523 1488 p.
538 1425 596 1474 170.
617 1429 700 1488 putat,
721 1422 817 1472 dietum
836 1423 916 1484 inisse
938 1417 1146 1490 νυκτομήτορα,
1172 1426 1250 1494 qnasi

26 1493 74 1539 illu
95 1498 165 1540 esset
182 1506 283 1554 ponens
300 1498 324 1538 et
339 1491 463 1555 princeps
483 1491 593 1538 omnium
610 1491 770 1557 reliquorum
788 1493 918 1554 nortiam,
946 1501 1035 1556 utpote
1062 1511 1079 1540 a
1098 1509 1150 1559 qna
1168 1501 1248 1556 eaput
1313 1552 1321 1560 ἱ

27 1561 89 1608 enni
107 1559 198 1608 sinitis
214 1567 366 1612 mennatem.
401 1559 453 1609 Sed
472 1558 568 1618 reetins
588 1557 705 1608 redditur
722 1564 774 1608 nee
789 1561 890 1623 aratris,
910 1560 976 1610 idem
998 1561 1088 1624 nteit,
1110 1573 1140 1610 au
1157 1561 1247 1611 metris

28 1629 88 1678 dies.
129 1625 295 1678 Voeahulnm
315 1629 396 1677 noetis
417 1627 484 1694 apud
502 1626 697 1689 Augloeanones
716 1627 831 1693 aliosque
859 1629 966 1694 populos
986 1626 1127 1680 Genaunes
1147 1645 1248 1696 semper

28 1698 55 1746 de
77 1697 123 1746 die
145 1693 343 1757 intelligendum
370 1703 419 1746 est,
458 1695 647 1759 Cempstnhnnt
665 1696 732 1744 eeien
751 1711 804 1744 nea
829 1697 928 1750 elimes
952 1710 1100 1761 eamean,
1128 1699 1247 1761 (uomere

28 1763 155 1815 Tacito
180 1762 296 1812 demon.
317 1761 448 1816 Germe.
470 1764 786 1827 tensamentum-ut
812 1780 863 1814 noa
887 1765 981 1815 dueero
1010 1765 1077 1816 diem
1105 1766 1246 1829 videretur,

27 1835 68 1882 rix
89 1833 146 1883 alie
166 1830 281 1892 ratione,
300 1846 331 1881 ae
352 1833 383 1882 de
401 1831 482 1882 Gallis
502 1830 641 1881 Caesar.
661 1833 693 1881 de
713 1832 774 1882 bell.
795 1833 857 1894 gall.
878 1833 904 1896 6,
928 1836 973 1886 182
993 1835 1086 1897 Spatia
1097 1835 1179 1884 eneis
1188 1843 1249 1882 teue-

25 1903 97 1965 poris
127 1916 183 1948 ena
207 1915 313 1948 numere
338 1901 455 1965 dierum,
481 1899 528 1949 reti
547 1901 658 1950 nectimur
674 1899 777 1964 tinient,
799 1909 825 1949 et
842 1901 898 1950 dire
914 1903 1019 1951 autoire
1039 1910 1064 1949 et
1081 1903 1204 1951 mensim
1224 1910 1249 1950 et

28 1985 158 2018 ueneram
176 1967 257 2018 initia
275 1969 313 2016 sie
328 1969 476 2033 edomant,
496 1975 526 2016 nt
544 1976 641 2018 uertere
661 1969 716 2018 dier
734 1969 918 2036 subsequetur.
954 1969 1016 2019 Dies
1047 1975 1132 2019 antem
1157 1969 1248 2020 matris

28 2046 82 2088 eret
101 2038 161 2088 dies
179 2035 309 2086 Mithrae,
346 2034 404 2087 Vox
420 2035 533 2088 Mithrae
548 2043 591 2086 est
608 2035 740 2088 Persicum
758 2037 864 2100 Medea,
882 2044 909 2088 et
928 2035 1055 2094 Graecum
1074 2028 1180 2104 μήτηρ,
1206 2037 1249 2088 eni

27 2105 171 2174 respondet
192 2101 377 2156 Germanorum
395 2109 507 2154 Matres.
545 2104 662 2167 Linguae
682 2105 749 2156 euim
777 2104 960 2157 Germanorum
980 2122 1037 2158 enm
1057 2107 1141 2158 veteri
1158 2106 1250 2158 Peren-

27 2191 82 2226 rnm
104 2172 317 2236 conseniontiem
345 2173 441 2239 pridem
468 2173 574 2236 agnovit
601 2173 802 2224 Salmasius
828 2175 861 2223 de
885 2175 952 2238 ling.
979 2176 1107 2229 detinuit.
1136 2180 1162 2239 2,
1180 2178 1207 2238 t,
1224 2191 1250 2241 p.

11 2245 87 2298 seo.
111 2242 191 2292 Hane
209 2245 316 2292 matroon
334 2241 471 2292 Persarum
490 2239 611 2292 Germani
628 2242 782 2292 idololatrae
801 2243 827 2292 in
843 2243 949 2293 dearum
963 2259 1068 2294 numero
1085 2237 1247 2306 hihnernnt;

29 2312 94 2361 inane
115 2308 305 2376 septentrionis
325 2310 412 2376 populi
432 2325 488 2360 onan
507 2309 593 2360 Persis
612 2316 733 2374 tanquam
761 2310 881 2359 feminam
903 2311 984 2360 mirae
1005 2311 1249 2362 moerentiumve

29 2380 147 2431 luerunt:
168 2376 239 2428 nude
258 2379 468 2428 rotabulum-Sol
479 2378 605 2442 hodieque
616 2377 683 2442 apud
703 2389 748 2426 nee
765 2383 807 2426 est
818 2375 934 2426 ieninini
948 2379 1059 2440 generis,
1081 2379 1142 2428 luna
1160 2384 1251 2428 eontra

27 2439 186 2500 masculinis
215 2445 258 2493 elie
282 2451 380 2510 mene,
409 2447 456 2494 rice
480 2445 573 2498 Menti.
599 2443 659 2497 Vid.
677 2442 914 2494 Maresehalli
932 2445 1070 2495 ohseroett.
1089 2445 1121 2494 ad
1140 2451 1250 2510 quatuor
1321 2481 1327 2492 .

29 2517 130 2580 Eveng.
152 2513 233 2566 Goth,
255 2521 282 2564 et
299 2515 440 2577 Anglosox.
461 2531 486 2580 p.
508 2515 568 2566 512.
606 2511 678 2576 Quae
699 2509 880 2574 Mithra-deu,
902 2519 931 2560 nt
956 2527 989 2561 en
1015 2511 1188 2562 Herodoto
1212 2513 1250 2564 di·

30 2587 136 2648 seimus,
156 2583 246 2632 divino
260 2597 274 2632 n
287 2582 374 2634 Pensio
387 2583 458 2632 cultu
478 2582 537 2632 inde
550 2581 581 2631 ah
596 2581 780 2645 antiquissimis
798 2579 956 2645 temporibus
974 2579 1130 2632 affectasse.
1151 2579 1248 2632 lladr.

31 2652 189 2704 lielando
211 2650 291 2713 '(dise.
309 2653 413 2702 misaeli.
432 2667 458 2716 p.
486 2649 518 2700 ll.
550 2665 574 2715 p.
605 2649 681 2710 200.)
709 2649 758 2700 deu
776 2646 893 2710 Nausea,
913 2648 974 2713 qnia
993 2649 1251 2701 masael’asieuet

31 2730 128 2784 nater,
157 2718 266 2782 eadem,
295 2735 360 2785 quae
386 2717 482 2770 Mithra
510 2719 620 2768 videtur.
657 2718 696 2768 An
713 2733 774 2768 nero
793 2731 840 2782 per
856 2717 976 2779 regione·
993 2719 1059 2766 coeti
1073 2717 1201 2770 lenem.
1218 2725 1248 2782 o,

33 2795 74 2854 183
94 2789 143 2851 nt,
167 2792 211 2851 17,
231 2790 277 2840 25:
310 2786 410 2838 llithra·
425 2787 591 2850 intelligenda
610 2787 655 2850 sit,
673 2787 800 2836 incertum
819 2791 867 2838 est.
902 2785 942 2837 Ah
967 2786 1028 2836 aliis
1051 2773 1171 2838 onomatis
1184 2789 1252 2854 qut-

32 2859 82 2909 dem
104 2856 217 2908 dicitnr.
237 2855 438 2920 Ambrosius
456 2871 480 2906 o.
500 2855 641 2920 synaeresin.
664 2854 684 2904 1.
704 2853 736 2905 V,
757 2870 799 2920 ep.
821 2857 864 2906 31.
884 2854 989 2904 eorihitr
1019 2858 1100 2918 Quem
1119 2857 1250 2905 coetestem

33 2928 107 2991 Afri,
129 2924 265 2974 Mithrem
282 2926 384 2974 Peraea
394 2925 514 2991 plerique
535 2925 660 2972 Venerem
676 2925 776 2982 colunt,
800 2939 850 2987 pro
866 2922 1021 2974 emersimm
1044 2924 1169 2985 emera,
1199 2936 1251 2972 narr

31 3012 74 3057 pre
92 2992 366 3050 amanuensium,
402 2991 540 3042 Caeterum
556 2992 627 3042 ‚hene
649 2991 721 3042 deam
740 2989 896 3052 Persarum,
921 3003 998 3055 quum
1016 2991 1162 3056 reeiperent
1182 2991 1250 3041 aliae

33 3071 141 3124 genten,
180 3073 247 3126 qnae
271 3061 365 3123 entem,
398 3075 472 3125 quem
496 3057 553 3122 mue
577 3059 678 3109 neruine
705 3059 846 3122 significari
865 3057 1024 3121 credebaut,
1049 3058 1194 3108 mamalum
1207 3073 1251 3116 ve-

35 3132 205 3192 nerabantur,
229 3125 350 3180 Mithram
370 3129 488 3178 demmin
508 3127 582 3178 deum
601 3133 799 3178 oomrnuturmrt.
824 3125 879 3176 Gir.
893 3125 995 3193 ‚llyde
1021 3119 1054 3180 cte
1075 3128 1155 3190 notak.
1177 3131 1251 3184 Peru.

35 3215 44 3264 P
100 3267 131 3330 ¹²)
150 3265 236 3329 Adde,
255 3265 320 3330 qnod
340 3265 464 3316 dieimns:
479 3264 528 3312 ‘die
544 3263 623 3328 zwetf
641 3264 748 3314 Ndrhte.
777 3263 859 3314 llodie
879 3279 978 3330 quoque
997 3265 1023 3316 in
1042 3264 1252 3329 Anglieaeeiedt

35 3343 132 3402 septem
154 3333 255 3384 dierum
273 3333 383 3400 spatium
403 3348 425 3382 s.
445 3331 627 3383 hehdemmiem
647 3339 728 3395 notat,
751 3333 825 3398 qnasi
844 3333 1006 3396 eeoennr'grit,
1024 3341 1133 3400 septem·
1146 3339 1252 3399 neuton

34 3404 161 3467 fertnieht
179 3401 373 3468 quatuordeeim
395 3407 494 3452 noete's.
532 3397 815 3466 Clr.·Spelmenni
841 3401 1010 3464 Glossoesp.
1035 3401 1098 3454 too.
1120 3400 1252 3452 littura·
1325 3418 1330 3423 ’

35 3487 104 3524 rum
124 3471 161 3524 ad
181 3472 299 3520 Tacitum
317 3471 348 3520 de
366 3485 430 3520 mur.
450 3467 482 3520 G.
502 3484 526 3519 o.
545 3474 572 3520 2.
593 3485 619 3534 p.
640 3471 684 3521 70.
706 3475 733 3517 et
750 3466 963 3518 Loeoenium
984 3481 1008 3516 o.
1029 3468 1047 3518 Ι.
1066 3483 1089 3516 e.
1111 3466 1138 3516 ir
1162 3484 1187 3532 p.
1204 3468 1250 3518 2⁴.

35 3540 87 3591 lt'ee
111 3539 229 3592 alienum
249 3539 357 3595 xvidetur
382 3538 506 3588 adnotare
538 3537 691 3588 venabulum
725 3535 937 3596 Wer‘loeoehteer,
962 3534 1038 3598 eujus
1066 3535 1256 3602 derivationem,

37 3609 115 3676 aliqui
129 3609 209 3670 longe
241 3607 331 3658 etitem
349 3607 475 3658 dederunt
493 3605 711 3672 inprimisaur'no,
728 3603 791 3669 qnia
809 3603 934 3654 olim-hoo
948 3602 1139 3670 temporeepnd
1148 3609 1251 3654 vomens

37 3675 181 3728 Germanos
236 3675 276 3726 ius
304 3676 382 3728 alium
410 3675 469 3730 vieo
496 3674 627 3737 donarit,¹
643 3674 721 3732 edum
745 3671 830 3723 lentes
848 3671 902 3722 uitri
930 3677 1179 3738 superemtempoeo
1196 3672 1251 3722 neti

37 3745 133 3796 Christi
154 3743 278 3794 hahuisse
295 3743 471 3806 erediderunt,
490 3742 588 3794 rentiam
607 3743 720 3794 derivari
739 3736 802 3792 aaa
816 3739 864 3791 τοῦ
881 3741 1024 3806 μυεῖσθαι,
1044 3739 1211 3793 ahinitiennle
1224 3746 1266 3794 st.
1308 3767 1314 3777 ·

37 3813 235 3874 enumeranda·
247 3813 315 3878 qnia·
326 3813 376 3863 hee
392 3820 465 3862 noete
483 3819 576 3862 renate
596 3811 630 3860 oh
649 3817 766 3862 sanetum
785 3815 934 3864 sanaturum
954 3809 979 3859 is
999 3823 1030 3860 ea
1048 3814 1138 3860 natum
1164 3823 1252 3861 semus

38 3883 141 3932 Christo
163 3880 264 3933 initiati
279 3886 307 3930 et
325 3879 380 3931 Ileo
399 3881 427 3931 iu
451 3877 756 3934 semronmeouseerati.
792 3879 907 3946 Apparet
927 3877 977 3928 hoo
1003 3891 1103 3944 qaoque
1123 3891 1157 3928 ex
1175 3892 1252 3930 reee-

37 3950 96 4002 hnlo
115 3949 295 4000 stromate.
332 3991 335 3996 .
389 3977 391 3980 ⁴

104 4017 153 4077 ”l
175 4015 284 4068 ideo-hi
296 4017 359 4068 dies
373 4016 567 4068 eoustitnehant
583 4015 739 4082 penaliarem
756 4015 832 4081 qnasi
853 4014 991 4082 epocham,
1012 4029 1078 4079 qnos
1103 4027 1119 4066 a
1145 4013 1251 4080 reliquie

39 4087 97 4138 enni
119 4086 213 4138 diehns
234 4087 284 4136 hae
302 4086 357 4152 ipsa
376 4085 548 4154 appellatione
570 4084 612 4132 die
630 4083 766 4148 zwilsren,
787 4099 862 4149 qnam
886 4083 924 4134 eis
943 4095 990 4149 per
1008 4082 1188 4136 excellentiam
1206 4081 1252 4160 00·

39 4155 162 4217 buerunt,
181 4154 471 4206 dietinotesnelehoutt
507 4151 580 4204 Vade
599 4151 702 4205 litterae
723 4152 800 4204 medii
821 4151 880 4204 aevi
897 4165 954 4204 enm
974 4151 1093 4216 puhtinee
1120 4157 1173 4200 tum
1200 4163 1252 4216 prr·

38 4230 115 4274 vatee
140 4225 167 4274 ie
193 4222 289 4274 diehns'
312 4221 476 4274 numerandis
494 4235 541 4272 ene
557 4220 589 4272 ad
607 4220 674 4272 hano
691 4221 815 4288 epoeham
840 4214 972 4282 referunt,
1014 4235 1038 4270 v.
1067 4236 1090 4269 e.
1116 4216 1252 4274 Maioma

39 4292 103 4340 each
120 4292 179 4342 dm
196 4290 317 4354 zrodlften
335 4295 467 4354 Tegean
486 4290 541 4338 dem
567 4291 731 4349 Sameram
757 4305 803 4338 ene
825 4288 874 4336 dea
899 4287 1035 4352 Zmdlftea.
1054 4332 1058 4340 ,
1079 4286 1152 4352 Quod
1173 4299 1251 4350 quam

40 4359 197 4426 frequenter.
215 4365 355 4422 euenerat,
385 4358 473 4410 denuit
498 4355 587 4408 moitis
615 4357 738 4424 exemplis
775 4355 1023 4418 Haltaosiee
1050 4354 1162 4406 monta,
1184 4353 1251 4404 aad.

41 4443 94 4480 am
105 4429 445 4562 inflammatum
459 4467 723 4565 ,heeeduoisisoet
742 4465 839 4551 astoer
859 4469 1250 4560 senserimrwewltlifitlit
