2916 4904
409 282 446 344 de
467 281 544 346 leste
563 275 708 348 lobni!
721 231 882 366 baptistae.
1083 297 1087 305 ‘
1210 284 1257 357 17

32 447 134 527 merit,
155 453 192 509 nt
207 446 403 513 dimituntur
426 462 456 517 et
472 457 680 534 nandnoetnrp
705 454 775 538 qnia
798 455 858 519 bde
881 457 957 520 leste
981 455 1067 539 panis
1084 459 1255 530 benedietne

31 532 111 597 uultu
126 528 277 618 λατρείας
291 535 419 613 offiano
433 543 567 624 adeoque
584 543 815 608 tritieens'lteus
833 547 987 624 adoratur,
1004 563 1080 627 qnae
1099 558 1143 610 est
1159 551 1256 614 nant-

31 621 106 686 leete
121 615 343 704 manopera.
360 677 364 688 .
393 651 397 654 ·
581 643 588 650 ·

115 709 282 770 Festum
303 710 512 776 lobannis
543 716 756 797 baptistae.
801 714 945 780 lobannis
978 719 1124 800 baptistae
1148 719 1255 788 festum

31 795 128 864 natale
144 797 206 856 snb
220 794 335 859 initiata
352 815 412 862 see.
430 801 463 866 t.
479 801 540 883 janv
556 803 587 862 in
603 821 663 865 nsn
679 803 751 881 snit,
777 801 834 865 nisi
851 825 906 867 nes
930 803 1036 868 fallunt
1060 806 1135 870 tituli
1159 811 1256 874 boni-

31 882 134 944 liam
159 880 288 946 Maximi
323 885 537 966 ¹laurinensis,
571 890 620 968 qni
656 896 715 952 tres
748 889 884 954 homilias
915 891 945 952 ia
980 892 1057 955 leste
1096 895 1255 962 nativitatis

30 971 180 1031 lebannes
199 970 342 1051 baptistae
358 972 499 1037 babuisse
514 973 636 1055 legitur.
665 976 762 1038 Habet
778 985 875 1040 antem
891 977 1041 1042 lohannes
1058 979 1183 1064 baptista
1199 985 1255 1047 boe

32 1056 203 1136 poenituro,
219 1059 298 1138 qvod
315 1059 452 1123 nativitas
468 1063 533 1143 ejas
550 1062 701 1125 solemnior
725 1062 763 1125 sit
787 1083 873 1145 qnam
898 1065 1066 1148 martyrium
1084 1069 1159 1151 ejus.
1193 1071 1255 1135 Sed

30 1144 59 1202 in
75 1141 207 1225 reliquis
224 1143 344 1208 Sauebs
368 1147 484 1210 natales
497 1149 590 1211 festos
606 1149 733 1212 dirimas
747 1149 828 1228 dies,
851 1152 959 1232 quibas
976 1153 1078 1216 Sancti
1088 1160 1131 1220 ad
1149 1157 1254 1222 nont-

32 1251 95 1292 nnm
112 1229 287 1310 imponant
309 1252 363 1296 aee
377 1233 458 1296 nllus
473 1236 560 1298 antris
578 1235 707 1299 Sanetus
723 1236 842 1315 inridit,
870 1239 955 1321 enjus
972 1239 1129 1304 nativitatis
1145 1241 1208 1307 dies
1223 1241 1255 1308 ia

34 1317 159 1380 eeelema
174 1318 216 1378 sit
232 1316 382 1397 minaeis,
398 1323 522 1408 excepto
538 1323 614 1401 iestq
635 1323 778 1386 lobannis
803 1334 831 1386 et
854 1325 935 1388 desto
953 1325 1111 1402 nativitatis
1128 1327 1254 1397 Mariae.

33 1404 64 1464 ln
79 1402 317 1467 leomanensi·
336 1408 481 1488 baptistae
495 1407 554 1471 tria
569 1409 632 1472 lieri
649 1410 754 1473 soleat.
785 1411 903 1474 Alieubi
922 1413 997 1475 enirn
1014 1432 1051 1478 ex
1066 1416 1158 1478 veteri
1175 1435 1254 1482 mure

33 1491 114 1571 pueri
133 1511 209 1554 ossa
224 1501 254 1554 et
269 1491 445 1574 quisquilias
473 1493 617 1576 eolligunt
637 1506 666 1559 et
681 1509 876 1576 concremant,
895 1508 925 1562 nt
941 1500 1040 1563 famus
1056 1500 1124 1565 inde
1143 1501 1254 1569 excite-

32 1589 82 1639 tnv.
115 1575 193 1640 Mes
203 1577 265 1642 iate
280 1582 318 1641 ab
331 1581 458 1643 absidis
474 1583 636 1647 deseendit.
668 1583 743 1646 Nam
759 1582 827 1646 olim
844 1586 941 1648 nredia
959 1591 1071 1650 aestate
1085 1587 1254 1674 trequentes

32 1668 176 1728 dracones
194 1665 285 1748 aipnie
300 1677 384 1730 aesta
395 1671 433 1730 ad
443 1665 592 1732 libidinem
605 1671 1037 1750 proruentieirenrnvolitabant
1047 1673 1137 1758 ioque
1150 1689 1253 1762 puteos

32 1771 132 1816 senen
158 1752 412 1835 mittebantque
430 1775 541 1818 veneno
564 1775 642 1838 aqua
666 1757 775 1820 intecta
798 1759 969 1840 saepelnit.
1001 1759 1087 1838 Quod
1106 1781 1171 1826 eum
1190 1779 1253 1828 me-

33 1841 83 1902 tiri
110 1839 388 1920 animadverterent,
409 1843 495 1924 juxta
515 1853 622 1923 pateus
643 1844 742 1924 ignem
764 1845 826 1907 lieri
847 1845 1017 1927 jusserant,
1034 1847 1083 1930 qni
1107 1851 1253 1916 maeones

32 1927 176 2007 abigeret.
209 1925 299 1989 Haeo
311 1927 379 2010 qnia
395 1929 475 1991 eirea
498 1930 604 1993 seston
621 1929 763 1994 lobannis
781 1931 844 1994 deri
868 1933 1021 2011 solebant,
1046 1933 1206 1999 Christiani
1222 1935 1254 1998 in

32 2023 140 2096 papatu
153 2013 238 2075 lanne
261 2033 369 2077 mamm
392 2015 495 2078 imitati
517 2016 602 2082 etiam
627 2019 714 2099 ignee
737 2019 949 2098 accenderant,
972 2041 1026 2101 per·
1043 2039 1119 2102 qnos
1136 2021 1253 2104 agmine

33 2101 108 2164 beto
124 2099 333 2164 transilierant
348 2113 376 2164 et
399 2102 516 2185 injectis
543 2105 640 2167 lerlris
663 2107 838 2186 uurnpreeati
856 2111 940 2184 sunt,
962 2117 995 2169 ut
1011 2109 1105 2172 ernnis
1121 2107 1252 2192 ipsorum

34 2187 195 2252 adversitas
211 2187 337 2250 dammis
353 2188 423 2252 istis
437 2191 663 2258 combureretur.
697 2192 784 2256 Soliti
801 2203 870 2255 snat
886 2191 954 2256 elini
971 2195 1001 2254 in
1019 2195 1094 2258 testu
1110 2197 1252 2260 lobannis

34 2275 167 2338 Mantus
179 2274 308 2336 anemos
318 2292 408 2337 manu
422 2287 539 2357 gestare
561 2277 657 2359 iisque
674 2289 744 2341 arra
760 2290 789 2341 et
803 2288 922 2359 segetes
938 2280 1102 2358 eirenvnire,
1116 2285 1180 2360 rati,
1197 2285 1253 2344 bec

36 2364 120 2422 raeda
134 2359 276 2441 irugibm
293 2361 436 2424 benedici.
469 2363 504 2424 ln
522 2363 695 2447 quibusdam
711 2363 787 2426 louis
801 2365 841 2424 in-
859 2366 935 2425 fusto
951 2365 1092 2428 lobannis
1108 2367 1254 2448 baptistae

37 2457 133 2510 rutam
145 2447 280 2525 robur,
297 2467 356 2529 qna
372 2449 517 2512 volutione
540 2445 687 2525 indicant,
713 2452 791 2530 qnod
815 2449 861 2510 sol
887 2449 931 2528 (ia
958 2449 1033 2511 festu
1049 2451 1206 2531 lobannis)
1223 2449 1253 2514 ia

36 2533 156 2596 radiare
166 2533 229 2615 ian
242 2537 279 2596 ad
294 2553 437 2598 summum
449 2539 573 2616 gradata
584 2536 751 2616 pervenerit
760 2545 789 2597 et
800 2537 980 2598 descendere
992 2555 1045 2616 per
1055 2537 1130 2599 diem
1142 2535 1254 2602 tabam

39 2621 79 2684 nis
93 2620 229 2702 ineiqfvut,
247 2631 280 2684 nt
294 2622 422 2684 emnium
437 2641 536 2686 rernm
551 2621 723 2687 vicissitudo
740 2623 771 2683 in
787 2621 955 2684 memoriam
968 2634 1165 2690 revocaretur.

116 2707 287 2770 Festum
309 2709 570 2772 visitationis
594 2709 760 2773 Mariae.
791 2709 869 2772 later
893 2701 990 2772 omnia
1011 2709 1105 2788 lenta,
1130 2711 1253 2796 quanin

38 2794 143 2858 metris
158 2794 300 2857 ecelesiis
314 2795 509 2874 celebrantur,
518 2797 753 2860 recentissimum
770 2807 815 2859 est
824 2797 930 2860 testum
945 2795 1118 2861 visitationis
1128 2797 1253 2879 Mariae,

37 2883 116 2965 enjus
133 2882 224 2962 origo
241 2881 368 2946 induem
384 2873 446 2946 se'e.
458 2883 535 2948 xlv.
547 2883 658 2946 inridit.
682 2883 893 2965 Anetovhajns
911 2885 977 2946 festi
989 2881 1181 2948 esthbanns
1193 2883 1253 2964 li'.,

37 2969 130 3052 quiin
144 2967 235 3050 gravi
251 2965 302 3030 illo
318 2970 484 3048 sebisrnate,
500 2973 579 3051 qnod
595 2990 647 3050 per
662 2969 795 3050 integros
813 2969 1025 3052 quinquaginta
1042 2989 1136 3032 annos
1154 2971 1253 3034 ecele-

37 3056 104 3119 siam
119 3057 289 3119 Romanam
312 3057 480 3134 annenssit,
505 3056 572 3118 aliis
587 3055 780 3119 Pontificibus
805 3057 976 3119 avennione
997 3056 1028 3116 ia
1046 3052 1161 3135 Gallia,
1184 3053 1252 3119 aliis

36 3143 147 3205 Romae
163 3142 353 3220 sedentibus,
372 3144 451 3206 eirea
466 3163 494 3205 a.
508 3141 577 3206 Glrr.
596 3144 706 3220 1389„
721 3146 824 3205 eedem
839 3161 927 3220 annu,
943 3165 1000 3226 qno
1018 3143 1088 3206 obiit
1103 3141 1150 3206 lvie
1167 3161 1252 3228 papa,

35 3229 168 3306 instituit,
184 3239 218 3292 nt
232 3239 298 3310 pest
316 3239 447 3294 batavam
462 3229 603 3292 lobannis
619 3229 762 3310 baptistae
778 3229 906 3293 visitatio
920 3229 1035 3294 Mariae
1063 3243 1203 3311 ageretur
1217 3242 1253 3309 ‚et

36 3319 61 3378 b.
76 3318 175 3395 Virgo
188 3317 390 3394 invocaretur,
403 3327 437 3378 nt
452 3319 563 3398 grande
579 3312 653 3378 illud
670 3316 799 3380 selrisnra
816 3315 991 3397 ebasupiret.
1022 3318 1130 3382 lemur
1146 3335 1252 3400 quam-

35 3403 78 3464 vis
92 3404 236 3466 Urbanas
252 3404 301 3469 tt.
325 3404 461 3466 Pontifex
483 3405 539 3466 bne
562 3404 669 3466 lestnur
693 3399 884 3465 constituerat
914 3401 1065 3482 eidemque
1089 3405 1127 3466 de
1152 3401 1252 3466 multis

36 3489 233 3572 indulgentiis
245 3497 444 3572 prospexerat,
460 3509 518 3564 aaa
534 3497 630 3553 tamen
646 3489 744 3552 ubivis
766 3489 881 3551 videtur
893 3499 1059 3570 receptum,
1078 3491 1171 3550 donee
1184 3509 1253 3570 syn.

36 3577 222 3640 basileensis
237 3597 263 3638 e.
278 3595 306 3640 a.
321 3577 389 3640 Cirr.
404 3577 497 3641 1432.
513 3578 712 3640 auctoritatem
730 3595 814 3638 suam
829 3575 1027 3656 interponeret
1042 3585 1069 3637 et
1087 3573 1137 3636 toti
1155 3575 1253 3640 eoele-

38 3664 98 3726 siae
113 3666 174 3726 boe
188 3665 296 3727 sestam
313 3664 522 3745 promulgaret.
553 3665 677 3726 Derreta
699 3683 764 3746 syn.
781 3660 874 3725 Basss.
891 3663 963 3726 laen
985 3669 1069 3724 sunt:
1097 3667 1164 3724 stem
1179 3675 1254 3727 aaa

38 3753 109 3812 nabis
124 3755 298 3814 ebrietiarrrva
314 3754 393 3814 bodie
413 3759 450 3814 sit
465 3759 496 3814 in
520 3755 659 3830 unpnettia
672 3761 697 3813 et
723 3753 824 3832 abique
843 3749 913 3812 bellu
936 3759 962 3812 et
978 3752 1129 3811 adrumeto
1144 3757 1254 3830 eipeuat

36 3840 287 3920 admonerem
303 3835 428 3908 militans
442 3845 520 3902 narie
534 3845 660 3916 optatur,
673 3841 785 3916 dipnrrm
796 3839 908 3916 idiunt
923 3840 990 3899 baeu
1006 3841 1105 3897 vuacta
1120 3839 1252 3915 spondes,

38 3936 66 3985 at
78 3929 244 3998 ralmaitua
261 3945 335 4005 qaue
347 3933 468 3988 υἰιὶιιιιῑο
483 3945 508 3988 s.
530 3931 652 4002 Virptaie
665 3927 775 4004 ἆίσίΐιιι,
790 3947 839 4004 per
854 3925 985 4003 stapulas·
996 3923 1123 3986 eeukuius
1139 3927 1253 3988 eelebre-
1302 4002 1305 4010 J

41 4021 90 4089 tar,
105 4024 139 4074 nt
157 4023 246 4076 mater
257 4019 369 4090 ,patine
384 4034 404 4074 a
424 4019 481 4092 pite
497 4016 632 4074 merrtibrve
649 4015 693 4072 die
716 4013 855 4074 Maureta
878 4007 1045 4072 tenetentum
1068 4011 1157 4088 titiam
1172 4031 1253 4074 mam

40 4118 88 4160 aaa
102 4106 299 4162 aaronem
312 4103 466 4162 raeaediet
482 4109 509 4159 a
524 4119 618 4178 ponera
634 4097 760 4173 fidelibus
775 4099 921 4176 lorpietirr.
954 4093 1053 4160 Herm.
1072 4095 1253 4162 Wideiridus

41 4183 68 4244 ia
84 4196 222 4268 eevnpute
238 4185 402 4250 ecclesiast.
419 4183 530 4262 scribit,
546 4185 604 4246 hee
617 4182 726 4246 testum
742 4187 780 4246 ad
796 4185 986 4246 invocandam
1003 4182 1129 4248 Manen
1147 4183 1252 4246 eandi-

42 4281 97 4335 tum
111 4273 218 4351 luisse,
234 4283 266 4335 et
280 4273 347 4353 ipsa
364 4275 481 4336 'l'nreas
499 4282 568 4334 tune
585 4271 722 4352 temporis
747 4270 894 4334 eeclesiae
909 4268 1035 4334 infestes
1050 4270 1253 4352 supprimeret,

41 4363 279 4438 quemadmodum
297 4359 328 4422 in
343 4359 447 4422 itinere
464 4362 501 4422 ad
519 4358 723 4422 Elisabetlvam
743 4357 880 4420 montania
906 4355 1061 4421 ealeasset.
1095 4357 1129 4416 ln
1144 4355 1253 4419 nostrie

41 4458 133 4513 amem
143 4447 285 4514 eoeteeis
301 4467 362 4512 nun
376 4447 448 4525 ideo
466 4447 575 4514 asan
595 4447 652 4513 boe
667 4445 781 4527 agitur,
804 4453 837 4508 ut
852 4443 953 4508 Maria
967 4441 1135 4518 invueetnr,
1152 4443 1204 4503 sed
1222 4449 1254 4500 at
