2962 4898
210 1147 377 1248 ton
402 1125 566 1330 Gabr.
571 1057 711 1254 Geil
731 1059 818 1261 Ge
816 1125 914 1310 etant
915 1125 953 1240 is
982 1148 1107 1247 risus
1102 1147 1398 1270 promotor)

214 1414 218 1427 ·
307 1392 393 1470 Quod
406 1389 451 1476 pii
465 1387 630 1472 p'rrrnitirse
648 1323 808 1454 Gelestae
804 1387 943 1470 majores·
927 1321 1056 1450 dies
1034 1328 1218 1450 ιιιιιιιιιιιι
1234 1325 1361 1450 Gnaeo
1375 1406 1434 1450 ιιι-

212 1473 290 1542 ιιιιι
302 1499 415 1560 magno
431 1478 543 1558 gaudio
559 1475 747 1558 quantoque
755 1473 901 1539 soluerint
915 1473 1068 1558 tripudiis,
1086 1477 1124 1537 sd
1140 1475 1311 1538 satietatem·
1315 1482 1437 1538 morunt

211 1585 323 1631 marnes
339 1565 427 1648 idque
444 1565 595 1628 literarum
607 1563 805 1628 monumentis
820 1563 1036 1645 consignatum
1042 1561 1159 1644 passim
1177 1561 1327 1644 legimus.-¹
1343 1559 1439 1625 Haec

220 1653 373 1733 festivitas,
391 1652 536 1755 Gregoriq
554 1663 635 1732 teste,
651 1663 730 1716 reete
747 1652 803 1714 diei
819 1660 915 1734 potest
929 1650 1101 1714 sollemnitas
1117 1649 1356 1728 ιιΙΙιιιιίιιιιιι,
1354 1651 1438 1732 quia

96 1749 103 1758 “
174 1782 177 1790 1
221 1762 291 1824 spes
309 1740 445 1807 coelestes
461 1741 575 1822 patrrae
595 1740 680 1804 nobis
704 1750 750 1804 est
766 1750 876 1820 aperta,
899 1761 970 1822 qma
985 1760 1044 1801 non
1060 1748 1154 1801 terrae
1171 1747 1299 1817 tantum,
1332 1741 1437 1802 sedet

222 1828 297 1902 coeli
314 1848 456 1919 praeseus
472 1838 518 1890 est
533 1826 717 1892 sollennitas.
761 1827 855 1892 Diuus
873 1827 1057 1930 Augustinus
1074 1825 1177 1888 iestiro
1195 1827 1285 1888 boeee
1297 1835 1436 1908 tempore

119 1917 124 1924 ’
214 1916 312 1999 'serto
327 1937 413 1995 saera
429 1915 464 1982 ad
482 1912 622 2006 poplitum
638 1914 788 1993 iadtnrns,
796 1911 962 1976 vocabulis
969 1908 1216 2007 exquisitissimis,
1236 1911 1308 1976 sect
1326 1916 1434 1976 admo-

217 1991 311 2068 ¹Gunr
306 2026 424 2082 sonora,
445 2007 581 2084 'gestibus
596 1995 777 2079 laetissimis
794 2001 991 2084 attemperatis
1014 2012 1112 2064 tamen
1131 2011 1159 2064 et
1184 2021 1363 2086 praeconem
1383 2023 1436 2063 sa·

222 2113 303 2156 crum
320 2090 525 2168 decentibus,
516 2111 581 2171 rpse
598 2111 668 2172 prae
684 2089 795 2152 laetitia
809 2091 953 2170 gestiens,
973 2089 1169 2171 utebatur**).
1202 2087 1239 2152 Ut
1262 2099 1363 2152 antem
1380 2089 1436 2153 rite

223 2182 386 2260 gauderent
406 2187 435 2241 ct
451 2177 509 2240 ritu
523 2199 592 2242 rere
610 2177 736 2241 sollenni
751 2177 944 2240 laetissimum
960 2175 1033 2240 illud
1050 2186 1164 2260 tempus
1172 2187 1436 2258 peragerentnon

222 2268 317 2330 solnm
337 2265 452 2330 decenti
468 2267 553 2328 modo
571 2265 702 2350 satisque
718 2265 768 2328 din
786 2266 883 2328 omnin
899 2267 1097 2348 apparabant,
1117 2285 1229 2344 sacras,
1253 2265 1444 2328 caudicum..

223 2361 280 2434 tur,
297 2353 491 2416 instituebant
507 2353 637 2434 uigilias,
657 2363 861 2436 qno'tempore
878 2353 1004 2435 populus
1021 2353 1224 2417 laetabundus
1243 2352 1433 2434 undiquaque

223 2442 368 2524 gregatim
386 2441 626 2521 confluebat***),
644 2441 676 2520 ii,
695 2453 807 2504 noctem
824 2444 987 2519 cantando,
1005 2443 1114 2504 orando
1132 2449 1161 2504 et
1177 2440 1343 2504 meditando
1360 2461 1433 2502 con-

222 2531 426 2610 sumentes†),
445 2527 564 2610 copioso
581 2529 651 2609 igue
668 2527 856 2592 candelarum
879 2529 1104 2610 lampadumque
1120 2532 1255 2592 tenebras
1273 2527 1437 2590 collustra-

190 2647 204 2660 ·
221 2618 293 2678 bant
301 2617 370 2696 ††),
387 2636 458 2678 suos
474 2637 559 2679 sauro
576 2617 656 2680 fonte
673 2617 830 2697 tingebant
842 2615 1068 2679 catechumenos
1078 2615 1168 2695 †††),
1193 2614 1300 2678 festiva
1317 2615 1433 2678 saluta·

223 2701 469 2766 tiouerristiani
479 2725 511 2768 se
521 2702 716 2785 excipiebant,
733 2726 817 2785 quem
827 2703 914 2766 ritum
924 2704 986 2787 jam
1002 2725 1117 2786 quoqne
1135 2713 1251 2766 serrant
1267 2702 1434 2783 anesim.

223 2788 473 2852 exosculabantur
488 2812 531 2870 se,
547 2812 648 2874 pacem
666 2791 723 2854 sibi
739 2791 863 2854 invicem
880 2799 1091 2874 appreeaotes,
1121 2801 1154 2855 nt
1177 2791 1236 2854 alia
1255 2789 1433 2872 gaudiorum

222 2875 456 2960 laetitiarnmque
473 2879 743 2962 impraesentiarum
761 2880 841 2942 sicco
855 2881 928 2960 pede
945 2887 1125 2962 praeteream
1141 2877 1311 2962 specimina.
1328 2878 1432 2940 Laude

223 2975 252 3029 et
269 2964 409 3029 encomiis
427 2966 543 3028 omnino
561 2965 644 3048 digni
660 2975 729 3030 sunt
747 2965 778 3028 bi
794 2965 866 3029 ritus
882 2967 1048 3048 paschales,
1066 2965 1261 3046 praedicanda
1274 2976 1345 3028 snut
1361 2985 1431 3028 san·

224 3053 354 3116 ctissime
378 3053 434 3116 ista
459 3063 625 3116 sanctorum
654 3054 773 3135 gaudia,
797 3052 964 3117 extollenda
987 3065 1032 3118 est
1056 3051 1295 3116 innocentissima
1317 3052 1448 3135 piornm'

222 3137 503 3224 majornmlaetitia·
519 3140 721 3204 abominamur
736 3163 804 3206 cero
820 3143 954 3220 abusum,
972 3141 1043 3245 qui
1033 3139 1142 3205 enaim
1150 3141 1434 3223 sensimquesucce-

223 3232 309 3292 deute
332 3236 461 3311 tempore
478 3238 521 3290 est
538 3237 641 3291 enatus
660 3240 687 3292 et
703 3229 733 3290 in
751 3227 906 3293 eeclesiam
923 3229 1009 3292 tacite
1023 3229 1150 3310 irrepsit.
1192 3229 1305 3292 Pudeat
1322 3228 1432 3292 Christi

221 3315 405 3396 resurgentis
424 3313 558 3379 asseclas
577 3337 612 3380 ex
633 3316 803 3404 spirituali‘
794 3328 852 3380 reto
870 3317 1020 3398 gaudendi
1037 3319 1122 3379 modo
1145 3319 1182 3378 ad
1204 3317 1382 3379 mundanam
1406 3327 1435 3378 et

223 3404 326 3486 quavis
350 3403 576 3508 reprehensione
598 3405 716 3486 dignam
745 3395 898 3468 deGectere
921 3403 1071 3484 laetitiam,
1092 3405 1202 3486 pudeat
1225 3401 1296 3466 illos
1319 3413 1433 3506 tempus

110 3509 115 3520 ·
223 3491 439 3555 sanctissimum
452 3491 530 3576 jocis
549 3491 770 3575 intempestivis,
794 3491 882 3572 nugis
899 3489 1036 3570 anilibus,
1064 3491 1175 3554 fabulis
1192 3489 1393 3562 scurrilibus
1385 3513 1432 3552 rn-

224 3579 334 3643 utiliter
349 3591 442 3643 terere
464 3579 510 3643 rel
529 3579 625 3662 potins
641 3583 772 3663 perdere.
816 3581 862 3643 Ad
882 3582 994 3644 abusus
1017 3579 1160 3671 ejusmodi
1175 3578 1391 3654 abomiuttbiles
1407 3585 1434 3642 et

292 3871 321 3936 ⁴¹)
342 3871 450 3941 Prodiit,
470 3869 551 3942 Lycei
570 3871 698 3924 Cbemnit.
718 3885 817 3940 progr,
839 3867 988 3924 Cbemnitii
1007 3871 1082 3928 1746.
1100 3871 1127 3926 4
1197 3850 1200 3860 ¹

291 3957 339 4024 **)
358 3957 489 4036 Exesrpta
507 3961 571 4012 baso
589 3958 647 4025 lege
669 3959 700 4010 de
718 3957 821 4011 laetitia
839 3957 957 4023 Gregorii
976 3966 1003 4010 et
1022 3959 1160 4024 Augustini
1173 3963 1202 4010 ιι
1218 3963 1245 4010 et
1261 3955 1372 4040 aliorum
1390 3973 1432 4027 pa·

105 4075 113 4082 .
223 4027 418 4094 trumpnsebsli
432 4027 650 4080 ἱιιΜίιιιιιί
669 4027 720 4080 del.
740 4041 781 4079 ev.
802 4031 828 4092 5,
847 4029 918 4084 Ges.

292 4113 355 4179 Μ)
375 4113 505 4167 Eusebius
523 4115 585 4168 bist.
604 4115 669 4168 eccl.
688 4117 761 4181 6,9.
782 4121 809 4166 et
825 4112 947 4168 Laetsnt.
966 4114 1078 4168 institut.
1099 4115 1152 4170 div.
1171 4120 1198 4184 7,
1217 4113 1260 4170 ta

292 4200 328 4269 †)
347 4199 455 4266 Gregor.
473 4199 539 4253 Nar.
559 4207 627 4254 orat.
646 4200 708 4256 ιιι
730 4201 820 4267 parab

290 4287 344 4355 ††)
364 4285 434 4338 ldem
452 4286 502 4337 loe.
521 4287 567 4338 cit.
588 4294 615 4339 et
633 4287 701 4355 apud
719 4284 898 4339 Prudentinm.

290 4372 366 4442 ιιι)
387 4371 467 4423 Basti.
489 4368 525 4422 ll.
546 4371 572 4422 in
592 4375 723 4428 exhortet.
743 4372 777 4425 sd
794 4371 915 4439 baptism.

291 4458 341 4530 Ἠ)
359 4457 430 4514 Patr.
448 4453 567 4512 Petreius
585 4473 611 4526 ι.
629 4463 656 4520 e.
677 4459 773 4516 Gbrnn.
794 4456 910 4516 assas.
