2946 4902
270 875 395 960 nan.
428 871 583 956 neor.
616 869 868 975 Aruerat,
893 869 958 954 ae
989 839 1239 984 autquarta
1261 869 1349 957 aar

327 1005 524 1094 dominici
549 1033 604 1092 ex
633 1004 656 1090 1
675 1004 770 1106 Cor.
795 1002 863 1110 16,
885 1002 936 1110 23
952 1005 1060 1092 Act.
1078 1003 1281 1112 20‚'7,·et

606 1144 761 1254 Apoc.
782 1148 821 1272 l,
841 1137 910 1227 10.
934 1141 985 1259 *).

286 1343 477 1408 Helielatriae
492 1343 559 1405 olim
577 1347 795 1406 accusabamur
810 1343 872 1420 illi,
892 1345 941 1426 qui
958 1344 1074 1408 cbristo
1091 1360 1196 1405 nomen
1214 1345 1366 1420 dederant,
1389 1344 1436 1403 oh

198 1435 237 1511 id,
255 1435 333 1514 quod
350 1431 443 1512 priora
467 1432 601 1512 cujusvis
626 1433 816 1494 hebdomadis
835 1433 891 1510 dle,
910 1453 998 1521 qnerq
1013 1431 1086 1493 solis
1103 1433 1178 1492 diem
1198 1421 1436 1512 Graeciaeque

198 1541 234 1582 ac
251 1519 377 1582 aonam
401 1522 562 1596 vocabam,
589 1519 744 1580 convenire
769 1531 796 1580 ct
821 1530 888 1580 ante
913 1508 987 1580 stilis
1013 1528 1106 1580 ortum
1131 1535 1235 1598 preces
1264 1516 1438 1582 sollennes

196 1608 310 1688 hasque
324 1605 402 1667 faeie
418 1610 454 1668 ad
471 1607 611 1668 oricmeur
634 1606 727 1671 solem
743 1599 829 1668 versa
853 1606 977 1667 inridere
1000 1605 1151 1678 solebant;
1172 1605 1439 1684 quemadmodum

187 1707 227 1758 et
241 1705 327 1756 sacta
341 1691 550 1755 illorum-selis
567 1714 602 1755 uc
619 1693 737 1754 luminis
753 1694 874 1764 vocilius
890 1693 1096 1772 personabant.
1119 1690 1353 1770 compellabam
1372 1691 1440 1752 ui-

197 1782 302 1844 m'rmtr
321 1801 489 1862 per‘roccm
514 1781 590 1842 hanc
607 1779 766 1842 Christiani
783 1779 988 1855 Servatorem,
1014 1778 1063 1860 qui
1081 1787 1120 1838 'se
1137 1776 1235 1855 ipsum
1253 1775 1349 1838 solem
1367 1778 1439 1858 ju-

197 1869 295 1932 stitiae
312 1866 386 1930 Mal.
401 1866 433 1942 t,
449 1872 479 1929 lr.
498 1877 526 1930 ct
542 1868 639 1930 lumen
657 1867 755 1928 muudi
772 1867 836 1928 Joh.
853 1867 883 1944 ⁷,
903 1869 961 1942 123
976 1863 1008 1945 9,
1026 1869 1055 1928 b.
1079 1865 1202 1926 vocarit.
1234 1863 1324 1924 Hunc
1341 1883 1435 1944 sup-

197 1953 293 2038 plices
311 1955 449 2036 precibus
466 1955 594 2032 adibant,
612 1955 700 2016 huius
718 1953 821 2016 laudes
839 1957 1042 2030 decantabant,
1059 1951 1193 2032 inprimis
1209 1945 1431 2012 vero'antelu-

199 2044 281 2105 canis
298 2041 489 2105 conventibus
507 2043 615 2104 Christi
635 2064 651 2103 e
670 2041 791 2104 moituis
810 2042 940 2104 suscitati
960 2040 1125 2102 memoriam
1144 2035 1350 2114 celebrabant,
1369 2038 1430 2118 qui

198 2127 347 2191 matutinis
363 2127 446 2189 horis
463 2151 479 2190 c
496 2130 634 2210 sepulcro
651 2129 777 2190 redierat
792 2126 888 2192 Marc.
907 2126 957 2204 16,
975 2131 1005 2189 9.
1032 2127 1153 2188 Profani
1171 2135 1266 2186 auteur
1283 2123 1428 2186 homiues

196 2219 298 2279 harum
315 2237 412 2278 rerum
429 2216 555 2278 omniurn
573 2217 669 2296 ignari
688 2227 770 2278 crant
797 2227 824 2277 et
839 2216 1018 2290 indcfiebat,
1036 2224 1066 2275 nt
1082 2211 1143 2274 illis
1159 2211 1269 2273 Christi
1287 2209 1427 2272 cultores

110 2369 118 2380 ,
197 2305 429 2369 solem'adorare
445 2304 613 2366 videremur
630 2307 683 2382 **).
716 2304 752 2365 m
778 2303 915 2383 primitiis
940 2300 1101 2376 ccclesiae,
1125 2319 1199 2381 quac
1216 2297 1331 2360 Christo
1350 2299 1427 2358 col-

196 2391 274 2455 lecta
291 2401 344 2468 est,
361 2391 500 2455 memoria
522 2390 707 2472 resurgentis
725 2390 836 2452 Christi
863 2393 936 2452 adco
953 2401 1056 2452 sancta
1071 2397 1150 2464 erat,
1167 2396 1199 2448 ut
1215 2407 1249 2446 ue
1267 2387 1424 2446 obtrecta-

171 2505 177 2512 ·
198 2480 326 2543 tionibus
344 2481 460 2562 quidem
477 2480 713 2544 adversariarum
727 2498 748 2540 a
763 2478 860 2540 sacris
877 2476 1063 2560 peragendis,
1081 2495 1155 2556 qnae
1173 2472 1332 2536 memoriae
1343 2473 1424 2534 lesu

196 2569 274 2630 ritae
298 2568 401 2628 redditi
424 2567 520 2628 dicata
545 2578 644 2641 erant,
668 2586 702 2626 se
726 2566 848 2628 detineri
872 2575 1048 2646 paterentur.
1088 2560 1296 2623 huniversaria
1318 2560 1422 2640 potius

198 2652 395 2713 celebratione
411 2652 491 2712 illius
508 2652 665 2711 memoriae
682 2650 760 2710 haud
780 2651 923 2726 contenti,
949 2651 1042 2729 primo
1070 2649 1201 2730 cujusvis
1225 2647 1420 2709 hebdomadis

197 2739 244 2799 dic
260 2757 325 2797 cum
343 2737 373 2796 ln
390 2735 476 2796 tinem
494 2735 723 2809 conveniebant,
749 2743 808 2796 tum
826 2745 856 2796 nt
880 2735 983 2797 debitis
1008 2735 1147 2798 laudibus
1168 2745 1422 2816 prosequerentur

196 2823 272 2885 ritae
288 2832 406 2883 nostrae
430 2831 596 2898 auctorem,
622 2822 669 2902 qni
693 2819 744 2881 illa
769 2822 815 2883 dic
838 2823 921 2884 rivus
944 2823 1113 2903 sepulcrum
1138 2844 1224 2884 snum
1247 2822 1420 2904 reliquerat,

196 2907 363 2990 matthas,
384 2913 410 2969 1.
430 2906 526 2970 Mare.
537 2906 587 2984 16,
604 2910 633 2969 2.
644 2909 673 2968 9.
693 2905 829 2985 Lum‘ld,
849 2913 876 2971 1.
893 2909 1017 2986 tanao,
1031 2916 1064 2988 1,
1083 2921 1141 2970 tum
1159 2920 1191 2970 ut
1208 2909 1416 2972 beneficiorum

195 2997 355 3082 participes
373 2995 491 3074 fierent,
516 3016 591 3077 quae
612 2994 748 3057 Christus
772 2995 868 3057 reditu
893 3017 947 3059 suo
964 3000 1000 3059 ad
1018 2997 1103 3059 vitam
1120 2997 1205 3059 nohis
1224 2995 1343 3074 adtulit3
1369 2998 1419 3058 cui

196 3108 286 3165 scopo
304 3085 381 3164 piam
397 3083 512 3142 illorum
526 3081 750 3146 ,meditationem
775 3083 905 3164 apprime
924 3085 1071 3147 inseruire
1087 3085 1311 3166 persuasissimi
1322 3095 1417 3148 erant.

195 3173 317 3233 Factum
336 3188 451 3250 quoquc
467 3169 535 3229 inde
561 3179 621 3244 est,
650 3177 682 3228 nt
698 3170 775 3230 hune
798 3192 893 3253 usquc
910 3172 940 3232 in
957 3172 1032 3234 diem
1057 3193 1119 3234 mos
1136 3173 1166 3234 in
1183 3170 1310 3235 ecclesia
1327 3172 1417 3234 Chri-

195 3255 411 3334 stianarigeat
434 3255 509 3354 diem
533 3253 723 3320 hebdomadis
753 3257 877 3338 primum
910 3281 1027 3322 sacrum
1059 3281 1149 3341 agere
1178 3268 1206 3322 et
1229 3260 1415 3342 potissimum

194 3341 309 3426 pascha
330 3337 542 3428 ἀναστασιμον
564 3343 616 3407 illu
643 3344 812 3424 celebrare3
838 3350 1077 3428 quemadmodum
1096 3357 1123 3409 et
1140 3368 1203 3410 eam
1229 3351 1265 3410 oh
1294 3369 1414 3410 cansam

194 3431 245 3494 ille
263 3439 321 3494 tam
338 3452 444 3492 nornen
461 3431 518 3494 dici
534 3432 703 3494 domininici
722 3433 845 3496 obtinuit
862 3430 932 3515 Μ),
952 3457 1036 3517 quam
1053 3424 1263 3512 ἀναστάσιμος
1280 3436 1348 3498 οΙῐιιι
1367 3435 1416 3496 di-

148 3587 150 3590 .
195 3531 260 3582 ctus
277 3530 331 3581 est.
362 3517 440 3596 Nihil
459 3520 534 3582 enim
552 3523 588 3582 ad
606 3521 691 3596 helei,
719 3519 783 3601 spei
801 3542 836 3583 uc
854 3523 961 3584 amoris
976 3522 1060 3584 initia
1076 3540 1170 3602 aeque
1186 3543 1221 3584 ac
1237 3523 1415 3587 incrementa

194 3609 392 3689 promovenda
417 3607 514 3668 debita
538 3608 706 3670 resuscitati
723 3607 831 3670 Christi
857 3609 1059 3671 recordatione
1085 3609 1181 3688 aptius
1204 3632 1414 3690 essc,·omnes

196 3695 380 3776 sequentium
397 3703 556 3776 temporum
574 3694 754 3776 experientia
769 3694 864 3774 magis
882 3695 1013 3774 magisve
1030 3697 1138 3759 docuit.

133 3807 137 3816 =
166 3845 170 3850 ,
283 3781 417 3858 Quonam
436 3792 532 3844 autem
548 3793 677 3862 tempore
694 3777 822 3842 ecclesia
841 3781 948 3843 Christi
966 3782 1041 3846 diem
1058 3782 1133 3846 solis
1151 3785 1307 3848 memoriae
1325 3783 1414 3848 Ghri·

196 3867 232 3930 sti
249 3868 325 3930 ritae
342 3869 467 3954 restituti
485 3890 600 3932 sacrum
618 3887 684 3930 esse
700 3865 825 3929 coluerit
841 3879 869 3930 et
885 3873 1001 3950 quando
1017 3871 1099 3934 illurn
1117 3872 1224 3934 icstnm
1242 3875 1349 3934 habere
1365 3873 1414 3934 iu-

116 4024 119 4037 ,
194 3955 321 4038 ceperit,
338 3958 373 4017 de
392 3975 425 4016 eo
444 3958 513 4019 certi
532 3953 640 4036 aliquid
658 3955 752 4016 asseri
768 3955 878 4037 nequit.
910 3957 943 4019 si
961 3959 996 4020 dc
1013 3960 1184 4022 auctoritate
1205 3959 1285 4020 iliius
1302 3957 1414 4036 episto-

193 4043 258 4121 lae,
276 4063 351 4124 quae
366 4043 538 4122 Barnabae,
563 4043 616 4105 riri
633 4041 802 4124 apostolici,
826 4065 932 4108 nomen
950 4046 1024 4124 fert,
1049 4047 1121 4110 satis
1147 4043 1232 4106 nobis
1257 4053 1412 4124 constaret,
1431 4049 1434 4052 ’

261 4196 288 4252 *t
309 4195 417 4261 Prodiit,
440 4196 560 4248 Univers.
582 4195 698 4260 Region.
718 4213 806 4266 progr.
828 4199 960 4266 paschale,
982 4198 1097 4263 Regium.
1117 4199 1193 4254 175⁴.
1214 4199 1241 4252 ⁴.

261 4265 307 4330 aa)
329 4264 417 4316 Refert
435 4267 499 4318 mec
517 4266 555 4316 ite
574 4263 823 4318 Tertullianus
842 4268 868 4318 in
888 4269 1017 4334 apologet.
1042 4270 1083 4320 16.
1107 4269 1162 4322 Cir.
1182 4268 1298 4338 plurilus
1316 4266 1411 4321 liert·

133 4390 137 4397 ,
193 4335 286 4388 heiti
305 4333 424 4396 Pusaeus
443 4334 603 4384 obtrectator
619 4335 638 4386 1.
657 4340 684 4400 2,
703 4351 728 4386 c.
747 4339 773 4390 3.
796 4337 863 4402 quud
882 4343 963 4388 tuturo
983 4337 1031 4388 bno
1050 4337 1081 4388 de
1103 4345 1131 4392 re
1147 4339 1215 4404 ‘agia

264 4403 323 4468 ***)
343 4402 398 4454 ttae
416 4403 448 4454 de
466 4417 495 4452 re
512 4401 688 4456 Suicerus
709 4405 735 4456 ia
755 4405 823 4455 thes.
844 4405 936 4456 eccles.
957 4405 1004 4456 sub
1019 4421 1096 4459 ¹voce.
1115 4403 1231 4478 κυριακὴ
1250 4413 1277 4459 et
1295 4400 1411 4460 ἀναστά-

194 4488 277 4544 σιμος
294 4472 345 4540 legi
365 4478 487 4538 rueretur,
500 4470 550 4546 ‘qui
568 4471 627 4522 loce
645 4479 714 4540 patr.
733 4473 828 4525 eccles.
848 4473 873 4524 id
891 4474 1031 4542 probantia
1048 4478 1159 4532 cohorte
1177 4479 1291 4532 exhibet.
