2986 4894
221 261 288 332 art
329 257 333 266 ’
629 283 633 288 ·
703 263 960 352 anamma

308 439 453 506 Mitt-us
471 438 530 503 alia
546 459 585 502 ex
600 441 807 524 Apostolorum
822 441 957 523 epistolis
978 441 1045 503 loca
1051 485 1060 516 ‚
1086 461 1162 523 qnae
1179 459 1238 503 nou
1254 439 1442 522 publicarum

224 537 351 607 tantum,
379 545 481 592 verum
507 527 594 593 etiam
618 531 793 610 primtarunr
820 547 940 612 precum
967 529 1094 591 indolere
1120 539 1208 612 atquo
1234 539 1441 608 argumentum

223 625 364 697 sumant.
390 614 544 679 Malumne
559 616 636 680 eninr
653 617 684 678 in
698 617 747 696 iis,
760 637 842 699 uuae
858 617 982 680 certiora
998 618 1142 694 ridentur,
1159 616 1343 694 subsistere,
1362 635 1442 698 quan

190 697 196 710 '
222 704 310 786 plura
325 722 496 784 congerere,
512 723 592 785 quae
604 704 702 767 minus
719 706 853 787 apposita
866 704 993 787 judicari
1010 703 1134 796 preston

309 825 385 910 §.d
416 823 1440 908 Doritibus,quosdpost‘olorumnetatcClrristiani

221 904 259 974 iu
284 911 462 994 publicis
480 913 548 974 llei
573 911 885 976 adorationibus
910 917 1252 976 observarunt—
1279 909 1439 994 Reliquum

223 1009 267 1062 est
292 1010 322 1061 ut
347 1001 380 1062 de
403 1001 520 1077 nitidum,
545 1021 618 1082 quos
642 999 846 1084 Apostolorum
874 1009 968 1064 aetate
986 997 1146 1064 Christiani
1170 999 1201 1060 in
1225 995 1366 1081 publicis
1392 1001 1439 1062 llei

222 1085 443 1150 adorationibus
460 1087 666 1166 observarunt,
691 1087 795 1170 paucis
813 1108 946 1168 agamus.
983 1087 1029 1152 lle
1049 1085 1134 1150 hisce
1150 1087 1290 1150 universe
1309 1088 1439 1149 animad-

222 1175 391 1238 vertendum
409 1185 461 1254 est,
477 1174 507 1238 iu
524 1169 654 1256 publicis
670 1175 938 1258 antiquissimorum
949 1173 1180 1238 Christianorum
1197 1173 1356 1260 precibus,
1374 1197 1439 1256 qua-

221 1281 285 1322 rum
304 1261 334 1323 in
350 1261 387 1326 N.
401 1261 441 1326 Τ.
460 1259 544 1323 libris
561 1270 606 1324 est
623 1261 745 1340 mentio,
770 1261 891 1346 reperiri
908 1261 998 1341 nibil,
1018 1263 1096 1348 quod
1114 1281 1132 1324 a
1147 1261 1341 1344 simplicitate
1359 1261 1439 1326 istius

221 1349 286 1411 acri
303 1349 430 1410 alienum
444 1359 495 1412 aut
508 1349 652 1430 grauitate
664 1349 833 1413 Christiana
849 1350 1001 1439 indignum
1018 1361 1070 1414 aut
1086 1370 1151 1416 cum
1169 1349 1299 1416 vanitate
1318 1353 1439 1434 quadam

222 1444 251 1498 ct
267 1437 459 1499 ostentatione
476 1437 661 1518 conjunctum
678 1438 727 1502 sit.
1156 1511 1159 1519 ,

309 1523 384 1587 Cum
400 1523 503 1586 ludaei
521 1525 686 1586 actionibus
703 1525 831 1590 externis
847 1523 966 1588 ninnium
984 1533 1143 1586 statuerent
1160 1523 1298 1611 pretium,
1316 1533 1347 1606 et
1363 1545 1439 1605 spem

222 1611 333 1674 favoris
349 1609 437 1694 atque
453 1611 556 1677 auxilii
575 1611 665 1674 divini
682 1612 777 1692 magis
792 1611 823 1675 in
838 1611 981 1692 religiosa
998 1611 1104 1673 rituum
1118 1608 1340 1690 observatione,
1359 1634 1440 1693 quan

222 1697 254 1759 in
284 1698 380 1780 ipsius
406 1697 463 1760 Dei
490 1697 671 1780 benignitate
703 1697 861 1780 repositam
892 1699 1050 1775 baberent,
1084 1701 1121 1761 ab
1147 1698 1203 1760 hac
1228 1697 1439 1782 superstitione

221 1785 360 1850 Christus
385 1805 457 1848 suos
480 1807 620 1850 revocare
637 1786 728 1849 voluit
752 1797 781 1848 et
805 1787 840 1848 de
866 1786 998 1868 corporis
1015 1786 1118 1848 babitu
1142 1783 1214 1848 nihil
1240 1787 1438 1872 praecipiens,

220 1885 329 1936 rectam
346 1893 415 1936 vero
432 1877 638 1938 commendans
655 1874 744 1936 animi
762 1873 999 1958 dispositionem,
1023 1875 1129 1936 abesse
1149 1874 1240 1956 jussit
1263 1895 1282 1937 a
1298 1876 1438 1956 precibus

221 1960 444 2024 ostentationem
461 1961 690 2024 Pharisaeorum
702 1959 910 2044 hypocriticam
927 1959 1032 2024 Mattt.
1048 1957 1079 2040 ll,
1100 1959 1195 2040 5-6,
1222 1961 1341 2044 pariter
1358 1973 1437 2044 atquc

140 2079 142 2088 ν
221 2049 401 2110 ethnicorum
427 2047 634 2132 βαττολογίαν
659 2049 776 2114 inanem
800 2047 905 2112 Mattb.
932 2045 968 2126 6,
993 2049 1023 2112 7.
1049 2059 1076 2110 et
1100 2045 1236 2112 fiduciam
1261 2050 1293 2111 in
1320 2061 1437 2114 externo

221 2135 300 2196 cultu
316 2133 440 2216 positam
456 2135 522 2198 lob.
540 2131 570 2212 6,
587 2135 626 2196 21
641 2169 680 2184 -
691 2137 752 2214 2⁴3
779 2147 879 2198 contra
896 2156 982 2214 vero,
1004 2133 1068 2196 fieri
1083 2133 1176 2197 veluit
1192 2156 1297 2218 preces
1317 2139 1437 2220 primum

220 2222 357 2302 cogitate,
376 2243 433 2282 nou
450 2219 556 2302 lingua
571 2221 675 2302 solum,
691 2227 743 2286 sed
761 2231 855 2286 mente
871 2221 1025 2308 animeque
1042 2223 1107 2286 lob.
1120 2221 1152 2300 4,
1170 2217 1220 2286 23.
1238 2225 1340 2288 Marc.
1356 2224 1387 2303 ⁷,
1405 2228 1437 2304 tt,

220 2309 325 2372 deinde
342 2309 439 2382 animo
455 2311 587 2372 modesto
604 2311 679 2379 Luc.
694 2307 744 2392 18,
765 2313 813 2389 13,
830 2321 858 2372 ct
873 2309 997 2372 fiduciae
1012 2309 1043 2371 in
1063 2311 1242 2388 benignitate
1259 2313 1362 2374 divina
1380 2313 1436 2374 col-

219 2397 332 2459 locatae
349 2395 437 2484 pleno
453 2391 558 2461 Manto.
569 2397 600 2474 7,
620 2401 677 2474 tt,
694 2397 819 2480 denique
837 2419 929 2462 uacuo
946 2397 983 2460 ab
1002 2397 1047 2460 ira
1064 2408 1093 2460 et
1110 2398 1187 2476 odio,
1203 2402 1255 2462 sed
1273 2402 1313 2462 ad
1331 2404 1436 2468 conde-

220 2488 348 2548 nandum
368 2491 469 2566 parato
485 2485 590 2549 Mattio.
606 2482 636 2562 5,
654 2485 713 2564 233
731 2483 762 2564 6,
781 2487 830 2546 14.
849 2485 945 2548 Maro.
962 2483 1013 2564 ll,
1032 2484 1159 2548 25-2s
1176 2485 1217 2568 *).
1303 2477 1308 2490 '

305 2571 430 2634 Minime
454 2583 549 2634 tanam
568 2575 750 2656 spernendas
775 2594 841 2636 esse
868 2593 968 2636 omues
994 2574 1125 2656 corporis
1150 2573 1300 2652 octones,
1334 2575 1436 2658 quibus

219 2658 352 2722 homines
370 2659 566 2722 uenerationis
584 2667 612 2722 et
628 2661 749 2738 amoris,
769 2683 853 2744 quem
870 2661 900 2721 in
917 2669 1035 2742 pectore
1054 2679 1126 2742 erga
1141 2681 1249 2724 numen
1268 2683 1435 2744 supremum

219 2756 341 2832 petunt,
359 2767 479 2810 sensum
497 2757 615 2809 externe
632 2769 747 2830 quoque
765 2747 947 2830 significent,
971 2747 1036 2830 ipse
1053 2749 1141 2810 lesus
1157 2770 1212 2811 suo
1231 2751 1436 2813 demonstrarit

222 2833 374 2915 exemplo,
391 2833 458 2916 qui,
479 2854 544 2896 cunr
561 2844 673 2916 patrem
689 2835 844 2898 coelestem
861 2836 999 2916 precibus
1016 2836 1123 2913 adiret,
1142 2836 1187 2899 vel
1206 2837 1311 2898 oeulos
1332 2847 1362 2900 et
1379 2859 1434 2898 me-

219 2942 276 2983 nos
291 2921 322 2984 in
340 2923 453 2984 eoelum
471 2923 644 3000 sustulisse,
669 2924 715 2986 nel
731 2925 762 2984 in
779 2921 885 2984 faciem
904 2921 1061 3006 prolapsus
1077 2944 1144 2988 esse
1169 2933 1256 3008 atque
1281 2923 1325 2988 ita
1342 2925 1434 2988 sinee-

220 3031 281 3074 ram
299 3007 389 3074 enimi
407 3007 589 3073 devotionern
612 3010 676 3090 ipso
701 3010 831 3092 corporis
855 3011 958 3072 habitu
981 3010 1148 3073 declarasse
1170 3011 1292 3105 legitur.
1339 3013 1434 3094 ltaque

219 3096 367 3178 Apostoli,
393 3096 491 3157 missis
508 3098 685 3158 ludaeorum
707 3097 738 3158 in
757 3099 901 3178 precando
919 3095 1042 3176 ritibus,
1066 3119 1140 3182 quos
1157 3099 1262 3161 inanes
1281 3107 1311 3162 et
1326 3098 1433 3162 nullius

218 3181 304 3266 pretii
331 3183 444 3244 dixerat
468 3193 496 3244 et
527 3205 545 3246 a
576 3205 697 3264 quorum
721 3185 794 3265 jugo
817 3195 976 3248 sectatores
1000 3206 1070 3248 suos
1095 3185 1272 3250 liberaverat
1290 3185 1433 3266 Christus,

218 3268 361 3332 nonnulla
378 3280 473 3332 tamen
492 3289 679 3352 csynagoga
700 3269 820 3354 judaicu
837 3273 1020 3335 retinuerunt
1045 3283 1073 3335 et
1096 3274 1169 3336 ritus
1196 3275 1344 3356 ejusmodi
1367 3275 1433 3336 sim-

111 3371 113 3376 ·
218 3357 330 3440 plices,
353 3375 428 3442 quos
453 3379 572 3438 precum
597 3357 780 3440 publicarum
802 3359 852 3426 fini
869 3371 898 3422 et
922 3357 1047 3422 consilio
1072 3363 1238 3425 conformes
1260 3361 1434 3444 judicarent,

97 3489 115 3543 '.
217 3465 405 3612 ppsnpnpppre,
423 3447 458 3508 de
476 3447 582 3528 quibus
598 3457 631 3510 ut
646 3447 757 3529 aliquid
774 3447 881 3564 diserte
898 3457 1049 3564 monerent
1072 3469 1131 3511 non
1152 3471 1227 3532 opus
1244 3470 1312 3516 esse
1331 3471 1433 3517 censc-

305 3619 389 3700 Quae
413 3640 479 3682 cum
501 3619 543 3704 ita
566 3594 642 3700 sint,
666 3619 747 3686 haud
761 3621 882 3700 mirum,
904 3621 934 3682 in
951 3620 1033 3686 Actis
1052 3627 1080 3685 et
1098 3621 1215 3704 scriptis
1231 3623 1431 3709 Apostolorum

217 3895 375 3950 Vorstius
412 3895 506 3956 Philet,
523 3900 550 3948 S.
570 3894 759 4018 plot-mo.
779 3897 821 3952 ed.
840 3893 1021 3964 Fiscben13
1046 3871 1429 3968 Pott'inbxc.1cdopbt.

217 3967 298 4016 Petri.
316 3989 347 4005 -
369 3932 559 4028 llrausius,
601 3971 705 4032 ottus,
725 3965 750 4017 1.
769 3963 799 4020 F.
817 3963 957 4018 Ficttus
977 3967 1002 4020 lo
1023 3960 1127 4022 Vooles'.
1146 3969 1213 4022 ttder
1232 3969 1274 4022 dte
1292 3969 1385 4036 Bedese
1401 3987 1431 4020 nn

219 4035 262 4084 ote
282 4033 441 4098 mantin,
463 4034 497 4086 ed
519 4039 532 4090 t
551 4033 610 4086 Gor.
634 4039 680 4098 10,
705 4035 745 4090 lb.
770 4058 803 4075 -ι-
830 4035 908 4088 coni.
931 4037 1010 4088 etiam
1030 4035 1063 4088 11.
1083 4035 1107 4089 J.
1129 4037 1208 4103 Tol,
1229 4039 1300 4094 bles.
1321 4040 1361 4088 ud
1377 4039 1432 4090 mn

217 4101 591 4237 fflb.81lgessolmm
610 4113 634 4156 et
651 4105 734 4161 diaetis*
749 4108 806 4172 Ap.
825 4106 950 4170 eldepado
969 4121 1046 4164 anno
1065 4109 1251 4164 modom·
1261 4106 1359 4175 (bugd.
1378 4108 1429 4160 tta

288 4255 319 4320 *)
336 4254 411 4308 Geni.
431 4258 475 4322 qui
492 4256 554 4308 Jesu
572 4258 716 4310 doctrinam
734 4259 766 4310 de
784 4259 904 4326 precibus
921 4261 1024 4326 egregie
1045 4234 1166 4330 exposuit
1183 4261 1198 4314 J
1204 4279 1229 4315 o.
1250 4259 1429 4324 Calvinus,

217 4325 300 4382 instit,
331 4326 380 4379 nol.
417 4325 507 4378 ente.
530 4329 564 4390 3,
590 4325 727 4386 1111111.
762 4329 840 4385 otteu
870 4328 899 4380 C.
928 4329 961 4386 lo·
985 4329 1138 4384 Nitzacb
1170 4333 1203 4384 do
1231 4331 1350 4396 entiam,
1384 4347 1429 4400 prta

219 4395 336 4465 ebrietes
353 4407 418 4444 noas
435 4401 473 4444 not
489 4394 518 4444 ia
531 4397 731 4450 commendando
742 4397 874 4464 pnoaott
889 4395 984 4464 effide.
1005 4398 1150 4468 (vinetore
1167 4399 1259 4464 1790.)
1279 4415 1307 4467 p·
1325 4405 1363 4456 22
1380 4415 1414 4454 st.

285 4479 333 4547 nep
347 4477 391 4534 ct,-
410 4478 592 4548 Spondein
610 4479 676 4550 opp.
695 4479 727 4534 ¹1³.
746 4485 777 4536 12.
796 4499 822 4551 p.
842 4483 904 4540 92&
967 4511 971 4520 ·
