2962 4898
204 238 269 308 vso
684 273 686 280 ι
708 237 734 306 ι,
748 234 786 302 a.
800 233 917 318 supr.

206 422 252 478 est
267 408 453 494 Epiphanius
470 406 684 480 incatholieue
700 406 767 469 fidei
784 406 966 488 expositione
975 407 1015 470 Τ.
1026 405 1058 470 la
1068 403 1263 469 edit'Petsvii
1281 427 1309 488 p.
1320 405 1427 470 1105.
1474 395 1475 400 ¹

205 499 355 562 Eusebius
379 495 439 558 hist
458 495 528 556 ecci.
552 492 583 570 2,
614 495 669 554 17:
709 491 747 554 Τί
770 489 818 554 dci
841 484 967 564 τούτοις
989 491 1142 574 irretimur
1157 479 1213 564 uic
1228 489 1281 553 ἐπὶ
1298 484 1441 554 ταύτὸν·
1474 491 1475 498 '

206 576 358 654 συνόδους
374 582 422 642 soi
439 571 494 652 τὰς
512 576 575 660 idip
590 575 647 656 pir
662 572 802 658 ἀνδρῶν,
820 575 885 681 tdtp
902 573 937 640 di
952 577 1105 660 γυναικῶν
1121 577 1155 638 ἒν
1170 572 1275 658 ταύτῷ
1291 573 1425 661 διατρι-
1474 635 1475 664 .

205 665 266 774 esic
282 659 401 737 καὶτὰς
418 665 451 739 ἐξ
467 666 555 736 ἔτους
572 665 668 726 εἰσέτι
683 665 732 724 καὶ
749 663 807 726 νῦν
821 685 901 748 προς
909 660 995 744 ἡμῶν
1003 659 1244 742 ἐπιτελουμένας
1260 655 1426 742 ἀσκήσεις,

93 745 97 759 ’
206 779 243 828 ως
259 747 470 833 διαφερόντων
485 745 561 830 μετὰ
578 743 637 831 τὴν
652 747 712 812 τοῦ
726 754 882 832 σωτηρίου
898 741 1029 820 πάθους
1045 741 1156 832 ἑορτὴν
1174 749 1207 812 ἐν
1222 743 1428 822 ἆσιτὶαιςκαὶ

143 890 146 896 .
207 830 505 922 διανυκτιριὺσεσιν,
530 843 711 918 προςιυχιιῖς
727 859 761 898 τε
778 835 840 898 τῶν
864 836 966 898 θείων
982 827 1079 916 λόγων
1095 833 1229 898 ἕντιλεῖν
1246 826 1425 913 εἰώθαμεν.
1474 883 1475 892 ,

208 925 373 993 Concilium
390 923 566 986 Toletaaum
584 935 717 1006 quartum
734 929 778 1006 (a.
795 915 965 1000 atatem.
987 924 1023 984 7:
1058 925 1261 1002 Comperimus,
1279 925 1356 1003 quoa
1371 946 1425 1004 per

206 1016 357 1078 nonnullos
377 1015 505 1072 ccclesias
520 1019 550 1072 in
567 1015 611 1072 die
626 1009 708 1072 scuto
718 1013 812 1088 feriae
826 1017 968 1092 passionis
984 1016 1099 1072 Donuini
1114 1013 1220 1072 clausis
1235 1013 1425 1072 basilicarum

206 1103 315 1178 foribus
330 1119 378 1160 noc
393 1101 544 1160 celebratur
560 1099 683 1174 officium
699 1120 747 1158 aec
761 1105 857 1177 passio
879 1103 992 1159 Domini
1006 1099 1117 1176 populis
1133 1099 1325 1175 praedicatur,
1353 1099 1425 1158 dum

206 1191 280 1250 idem
295 1189 429 1247 Salvator
444 1195 537 1246 noster
550 1187 695 1264 Apostolis
709 1191 771 1246 suis
786 1191 934 1264 proecepit,
952 1185 1063 1252 diceas:
1087 1189 1244 1262 passionem
1261 1193 1287 1244 et
1303 1194 1424 1246 mortem

207 1285 233 1338 et
248 1279 475 1337 resurrrectionom
493 1293 582 1331 uveam
603 1274 731 1332 carnibus
745 1274 911 1350 praedicato.
945 1273 1011 1330 idco
1028 1281 1134 1349 oportet
1150 1273 1240 1331 eodem
1256 1272 1301 1330 die
1315 1281 1423 1344 maste-

208 1368 281 1424 rium
298 1365 395 1431 crucis,
412 1360 484 1438 quod
501 1364 559 1437 ipsc
575 1364 714 1418 Donuinus
730 1364 834 1418 cunctis
850 1359 1036 1418 nunciandum
1052 1359 1145 1430 oolvrit,
1163 1359 1321 1436 praedicari
1338 1367 1425 1436 atque

208 1451 409 1524 indulpcntiom
425 1451 570 1506 criminum
587 1447 665 1506 clara
681 1466 743 1506 occe
759 1465 865 1505 omnem
881 1446 1013 1523 papatiam
1027 1443 1178 1522 postulare,
1194 1454 1225 1504 ut
1236 1448 1424 1522 poeniteutiae
1466 1456 1475 1524 '3

207 1537 413 1614 compunctione
435 1534 561 1592 nuuudoti
584 1533 763 1592 uenerabilem
787 1533 859 1592 diem
885 1533 1038 1592 dominicae
1060 1521 1268 1590 resurrectionis
1293 1537 1424 1592 semusto

155 1644 158 1648 ·
207 1613 399 1699 iniquitatibus
415 1625 553 1697 suscipere
568 1638 720 1680 macomus
736 1623 910 1698 corporisque
926 1619 985 1694 op'us
1000 1627 1025 1676 et
1042 1623 1188 1694 conquiris
1214 1628 1424 1678 sacramentum
1474 1631 1475 1682 i

207 1709 304 1768 mundi
320 1727 339 1766 c
355 1711 474 1784 peccatis
490 1726 642 1766 sumamus.
661 1705 700 1766 Τ.
719 1703 768 1766 14.
787 1705 878 1766 Coae.
894 1725 923 1782 p.
940 1701 1015 1764 488.
1351 1786 1355 1789 -

296 1791 348 1852 De
373 1789 606 1868 lectioibus‚
630 1789 890 1852 absolutione
915 1785 1217 1870 poeaitentiam,
1244 1809 1422 1870 praepa·
1474 1789 1475 1850 ζ

208 1877 1422 1957 ratiouecatechumenorumetc.perhcbdomademmagnam.
1474 1887 1475 1932 1

208 1966 237 2049 §.
248 1959 386 2026 12-15.
402 1963 560 2025 Lectiones
569 1965 921 2044 perluunchebdomudem
938 1961 1168 2024 variuefuerein
1181 1962 1260 2024 varis
1271 1961 1422 2040 ecclesiis
1474 2025 1475 2038 p

183 2048 342 2130 -qaamvis
363 2049 395 2108 in
423 2051 478 2110 hoc
505 2049 639 2110 omnibus
671 2049 853 2126 conveniret,
887 2058 920 2110 ut
949 2049 1098 2110 historiam
1132 2047 1291 2128 passionis,
1308 2049 1423 2110 Christi
1474 2073 1475 2082 ¹

209 2134 257 2198 vel
288 2137 450 2196 secandam
472 2157 582 2216 v,unum
620 2135 664 2198 vel
687 2135 786 2216 plures
812 2134 1020 2215 Evangelistas
1045 2135 1186 2215 legerent.
1234 2135 1268 2196 Ia
1289 2133 1422 2198 homiliis

209 2225 247 2286 ad
280 2219 419 2302 populum
458 2222 610 2302 episcopos
651 2221 718 2284 aliis
751 2222 837 2284 etiam
876 2222 1038 2302 scripturae
1074 2221 1219 2284 contextis
1250 2221 1420 2285 inhaesisse
1474 2241 1475 2288 ξ

201 2311 411 2372 observamus.
471 2310 722 2388 Quemadmodum
766 2309 992 2390 chrysostomus
1027 2307 1056 2368 in
1094 2307 1203 2370 Genesi
1244 2309 1421 2389 explicanda

209 2395 347 2477 perrexit,
365 2395 419 2458 etsi
436 2394 466 2456 in
485 2395 605 2456 exordio
623 2397 805 2460 sanctitatem
823 2415 947 2474 magnae
971 2393 1161 2456 hebdomadis
1187 2395 1251 2458 sais
1271 2415 1421 2458 commen-

210 2485 294 2546 daret
319 2481 510 2544 auditoribus.
544 2484 590 2544 De
612 2482 787 2544 lectionibus
811 2502 936 2562 graecae
957 2481 1100 2544 ecclcsiae
1117 2483 1260 2562 perhanc
1276 2483 1421 2562 septima-

200 2589 276 2630 nam
295 2572 437 2648 quaedum
455 2589 510 2627 non
531 2569 651 2648 protrita
669 2569 808 2648 legantur
824 2571 902 2648 apud
918 2572 1056 2632 Allotium
1075 2590 1103 2648 p.
1131 2561 1355 2631 itte-1448.
1383 2573 1420 2632 dc

209 2657 355 2715 dominicis
370 2666 395 2714 et
410 2657 622 2714 hebdomadibus
642 2661 822 2718 Graecorum.
846 2655 970 2716 Latinae
984 2655 1128 2716 ecclesiae
1144 2645 1368 2735 ἀναγνώσμασιν
1381 2679 1422 2720 ex

209 2741 500 2812 Pseudo-Hieronymi
510 2738 621 2800 Comite
632 2761 659 2819 p.
681 2737 773 2802 1319.
791 2744 834 2802 ed.
844 2741 959 2802 Buluzii
971 2741 1002 2802 in
1019 2740 1178 2822 appendice
1194 2744 1231 2804 ud
1243 2747 1421 2822 capitularia

209 2833 316 2904 Rapum
334 2831 515 2898 Francorum,
534 2835 561 2885 et
578 2825 724 2890 similibus
742 2825 824 2888 libris
844 2827 901 2907 peti
920 2839 1050 2908 possunt.
1067 2827 1259 2890 Recentiores
1272 2827 1420 2892 ecclesiae

210 2909 377 2993 pontificiae
397 2911 536 2973 lectiones
554 2920 582 2972 et
599 2911 672 2974 ritas
688 2915 838 2993 quosdam,
860 2915 968 2994 quibus
986 2937 1038 2996 per
1057 2935 1190 2994 maguam
1208 2916 1421 2980 hebdomadam
1474 2975 1475 2984 ,

209 2999 240 3060 iu
258 2999 322 3060 ruis
339 2997 532 3060 conventibus
551 3009 663 3076 vacant,
680 2999 776 3061 videat
792 3000 840 3062 cui
858 3001 964 3082 volupe
981 3011 1026 3064 est
1041 3005 1116 3082 apud
1131 3003 1313 3080 Durandum,
1328 3002 1421 3066 Bele-
1474 3075 1475 3080 .

185 3084 291 3146 -thurn
315 3077 450 3164 alio‘sque
481 3084 641 3146 officiorum
669 3087 843 3168 scriptores,
879 3101 907 3150 et
934 3111 970 3150 ex
993 3089 1114 3170 nuperis
1141 3089 1311 3154 auctoribus
1339 3094 1421 3171 apud

210 3173 311 3234 Barth.
331 3175 491 3231 Gooontam
506 3171 537 3232 iu
555 3185 739 3235 commentar.
757 3177 793 3236 ud
809 3177 944 3238 rubricas
962 3175 1098 3238 Missalis
1116 3199 1144 3256 p.
1162 3177 1337 3241 aiassae
1363 3199 1420 3240 ru—

209 3257 308 3320 bricas
333 3255 467 3318 breviarii
494 3279 521 3338 p.
541 3257 603 3320 109
620 3279 664 3323 ss,
682 3271 710 3324 et
726 3260 756 3333 ia
773 3261 903 3324 manuali
919 3263 1131 3348 Episouporam
1148 3285 1178 3344 p.
1196 3263 1258 3324 126
1275 3283 1321 3344 sq.
1337 3254 1420 3326 tidm.

210 3351 341 3404 Murteae
356 3345 391 3404 de
408 3340 514 3406 ritibus
531 3348 736 3410 monachorum
753 3347 783 3427 3,
799 3353 884 3413 tau
899 3354 991 3412 Andr.
1009 3357 1142 3412 Pisaram
1162 3353 1324 3412 (lustaldum
1338 3353 1421 3414 Nea-

209 3429 369 3511 politanum
386 3429 416 3494 in
432 3432 514 3511 praxi
535 3435 765 3498 ceremoniarum
782 3435 853 3498 eccl.
871 3438 955 3500 Rom.
965 3460 993 3518 p.
1001 3438 1064 3500 385
1082 3431 1122 3498 ss.
1140 3437 1186 3498 Ex
1205 3437 1313 3517 quibas
1331 3460 1421 3500 annm

108 3553 112 3558 .
210 3517 300 3580 omitti
312 3537 369 3578 non
383 3519 477 3591 debet,
496 3528 593 3599 utpote
602 3519 691 3584 laude
702 3533 837 3584 etnotata
850 3524 1151 3606 dignissimumpquod
1162 3524 1314 3586 Gavantas
1325 3547 1353 3606 p.
1365 3527 1419 3589 89.

209 3605 388 3700 adfabricas
398 3605 534 3666 breviarii
553 3629 588 3668 ex
600 3609 739 3670 Duraudo
750 3621 854 3686 monet,
872 3617 902 3670 in
918 3623 1038 3692 tempore
1059 3619 1200 3691 passiouis
1213 3615 1318 3692 publico
1332 3621 1421 3676 ambli

209 3700 479 3754 commemorationes
489 3698 666 3767 Senatorum,
683 3703 724 3757 uti
739 3703 789 3757 uni
800 3702 907 3758 Glcristo
925 3700 1057 3774 crescitiro
1072 3706 1298 3778 uacaropossint.
1314 3699 1419 3778 Longe

209 3796 278 3838 vero
296 3779 403 3840 rectius
412 3778 518 3840 facturi
535 3789 617 3860 erant
633 3777 687 3856 illi,
705 3781 730 3842 si
743 3781 801 3844 alio
818 3783 903 3844 etiam
922 3777 1049 3866 temp‘ore
1066 3795 1094 3848 et
1108 3785 1240 3866 privatim
1259 3797 1287 3848 et
1304 3787 1420 3866 publice

211 3864 249 3922 ad
268 3863 363 3924 solum
380 3866 574 3946 confugerent
589 3865 735 3928 Christum
746 3889 839 3950 neque
857 3871 946 3932 cultui
956 3872 1120 3935 Servatoris
1134 3873 1419 3953 jungerentChristo

209 3948 323 4010 invisas
341 3950 470 4031 nihilque
482 3953 650 4032 profuturas
660 3953 834 4016 Sanctorum
843 3957 1052 4022 invocationes.
1066 3993 1102 4004 —
1115 3961 1199 4040 Apud
1208 3970 1323 4024 veteres
1333 3961 1420 4024 Chri-

210 4035 323 4098 stiunos
339 4037 411 4096 haec
428 4059 543 4119 quoque
561 4061 619 4100 nou
631 4040 821 4122 exiguapars
837 4041 893 4105 fuit
908 4045 996 4106 oflicii
1012 4067 1064 4126 per
1077 4047 1299 4124 hebdomadam,
1316 4049 1419 4130 deque
1474 4063 1475 4070 ’

210 4121 335 4200 aginam,
352 4132 383 4182 ut
398 4127 595 4188 catechumeni
614 4135 810 4208 competentes
827 4149 852 4190 s.
867 4133 998 4212 baptismi
1010 4133 1156 4196 candidati
1173 4137 1208 4198 dc
1224 4133 1280 4197 tide
1298 4144 1418 4216 ctsym-

209 4201 279 4269 bola
297 4208 453 4287 diligenter
469 4211 697 4276 informarentur
716 4215 919 4298 frequentique
943 4220 1143 4282 adhortatione
1160 4231 1188 4282 et
1199 4220 1338 4286 examine
1355 4223 1418 4284 ido-

210 4294 259 4356 nei
277 4297 467 4356 redderentur
483 4300 519 4356 ad
540 4300 713 4378 baptismum
730 4302 776 4364 vel
791 4303 820 4363 in
838 4305 991 4388 privilegio
1009 4308 1157 4388 paschatis
1173 4309 1218 4372 vel
1235 4309 1266 4372 iu
1279 4309 1418 4389 proximis
1469 4315 1475 4326 “

211 4381 359 4460 paschatis
375 4382 479 4444 diebus
497 4383 669 4450 sollenniter
684 4388 892 4472 recipiendum.
908 4394 1019 4458 Eadem
1036 4417 1151 4478 quoque
1162 4397 1219 4458 hac
1233 4394 1417 4462 bebdomada
