2982 4892
212 271 360 356 Suriugar
381 275 417 338 de
433 225 562 358 publicis
578 283 708 342 vebum
721 273 960 346 'Christianorum
975 273 1126 358 precibus.
1198 273 1277 342 ’297
1374 261 1376 264 ’

59 446 128 512 elici
145 465 234 529 posse
252 444 366 508 videtur
382 465 398 508 e
413 444 478 510 loeo
488 444 608 526 Geudu
623 447 675 525 26,
691 446 744 514 ubi
759 445 1150 530 legitur:„'1'unccoeptnrn
1167 459 1211 513 est
1227 449 1276 512 in·

59 535 163 600 vocari
181 551 285 598 nornen
301 533 447 599 leborae“
459 536 495 609 *t

151 621 226 699 Quis
246 621 372 696 dubitet,
393 620 458 702 pios
483 619 573 682 ouius
595 619 655 682 veri
672 620 729 684 Dei
743 621 879 694 cultures
896 620 1109 701 Abrabernuur,
1129 622 1275 701 Isaaontu,

59 711 214 785 Jaceburn,
231 727 306 789 quos
323 727 389 776 euru
407 729 459 787 pro
475 728 516 780 se,
535 717 593 768 tetro
615 728 669 787 pro
683 707 750 772 aliie
767 709 897 788 privatius
911 721 1044 788 precatus
1057 710 1152 772 fuisse
1171 713 1276 784 dorent

58 797 129 860 loca
156 795 266 860 Genes.
291 789 350 872 18,
377 797 545 872 25-32,
568 792 633 872 24,
661 793 721 872 64,
756 794 816 874 32,
846 793 972 871 9-12,
1001 798 1055 858 hos
1081 796 1171 876 igitur
1197 797 1275 860 siros

59 885 129 966 pios
146 904 205 944 una
218 903 282 944 corn
299 883 476 964 conjugibus
490 902 525 944 ac
541 881 643 943 liberis
658 880 837 964 reliquisque
852 883 1019 946 domesticis
1029 885 1123 946 Deam
1135 887 1275 962 adorasse

60 983 90 1034 et
108 970 263 1036 sacrifieiis
277 969 414 1050 junxisse
431 976 543 1050 preces.
560 970 762 1050 quibuseuaru
781 991 853 1051 erga
868 991 977 1035 nornen
995 971 1131 1052 optimum
1151 992 1274 1034 renero-

59 1058 188 1145 tionem,
214 1077 298 1120 suurn
323 1059 359 1118 ad
386 1056 612 1136 potentissimam
637 1058 703 1137 ejus
718 1079 804 1138 opero
819 1057 968 1136 refugium
986 1079 1130 1139 suumque
1147 1060 1275 1125 acimum

59 1154 179 1226 gratum
204 1166 257 1226 pro
281 1144 411 1225 acceptis
433 1147 522 1209 abeo
548 1143 698 1208 benefieiis
719 1165 778 1206 uno
796 1144 880 1225 quasi
900 1165 950 1206 ore
966 1143 1180 1226 profiterentur.
1218 1195 1220 1203 .

120 1233 189 1296 ‚De
214 1231 299 1294 statis
322 1243 418 1296 autern
440 1231 617 1312 quibusdam
642 1253 763 1313 preeunt
785 1232 964 1326 ternppribus
982 1233 1051 1294 nibil
1066 1234 1208 1315 ¹soariptuur
1225 1256 1274 1298 re-

58 1319 192 1402 perimus
205 1319 234 1380 io
247 1319 368 1380 bistoria
382 1320 619 1399 patriarcharum,
638 1319 686 1401 qui
702 1320 836 1386 ridentur
851 1322 925 1385 adeo
938 1320 1028 1384 cultui
1041 1321 1139 1386 divino
1152 1343 1275 1389 vacasse

57 1407 295 1488 quotiescunque
311 1427 346 1468 co
363 1401 564 1486 peculiaribus
581 1406 744 1471 rationibus
762 1419 1018 1488 permoverentur„
1095 1475 1100 1480 ,
1138 1465 1141 1472 .

147 1494 250 1576 Neque
266 1494 413 1556 habebant
435 1491 503 1556 loca
524 1494 619 1563 sacris
642 1493 707 1558 suis
725 1495 901 1576 peragendis
917 1494 1104 1576 peculiariter
1118 1496 1275 1575 ,destinata

56 1583 113 1644 sed
129 1583 299 1662 ubicunque
315 1577 466 1661 placebat,
483 1581 514 1644 io
530 1580 604 1644 loeis
620 1583 792 1662 praesertim
810 1583 999 1661 editioribus,
1015 1580 1122 1646 altaria
1139 1595 1275 1650 exstrue-

59 1672 143 1748 bant,
160 1679 314 1732 ntnuuen
332 1685 502 1749 supremum
520 1669 672 1732 sacrificiis
691 1679 719 1732 et
734 1671 903 1736 adoratione
918 1681 1137 1746 recrearentur,
1162 1737 1165 1748 Λ
1256 1728 1260 1737 ,

12 1847 13 1866 ¹
148 1772 183 1834 ln
197 1771 267 1854 lege
282 1772 421 1836 Menalca·
439 1771 552 1834 nullum
577 1773 701 1852 reperiri
723 1775 761 1834 de
776 1773 931 1853 precibus,
955 1775 1174 1855 qoibnsllenur
1193 1774 1275 1838 adire

12 1903 13 1944 ,
58 1865 223 1941 oporteat,
235 1863 406 1924 mandatnm
425 1857 559 1922 nonnulli
583 1859 751 1922 existimant
767 1859 822 1939 ⁸).
841 1897 846 1904 ·
866 1862 899 1922 lu
913 1859 1001 1922 ‚tocie
1017 1861 1132 1941 quidem
1149 1861 1206 1924 Ex.
1222 1861 1275 1939 20,

12 1947 13 1950 ’
56 1947 156 2024 3-5,
180 1945 234 2023 23,
253 1949 305 2010 25.
323 1949 423 2010 ΥΙὶῑιιί.
440 1945 472 2024 5,
489 1949 584 2022 7-9,
607 1944 640 2023 d,
661 1950 709 2023 13,
723 1947 785 2026 -10,
802 1950 854 2026 20,
881 1947 932 2024 lt,
952 1951 1000 2026 13,
1016 1941 1151 2029 aliisque,
1169 1951 1275 2030 quibus

12 2011 14 2088 l
57 2037 95 2095 de
113 2035 178 2096 lleo
194 2033 317 2096 colendo
340 2055 436 2098 sermo
452 2044 513 2112 est,
537 2055 605 2095 nou·
620 2053 762 2114 expresse
785 2045 982 2098 memorantur
1004 2052 1126 2116 preces,
1150 2039 1202 2100 sed
1220 2039 1275 2102 bae

60 2121 208 2184 contineri
225 2122 361 2184 ridentur
374 2122 492 2184 notione
503 2121 644 2184 obuersa
658 2126 749 2184 uuluae
762 2125 859 2196 derint,
876 2123 984 2204 quippe
999 2123 1049 2204 qni
1066 2123 1143 2186 inter
1153 2124 1276 2188 israeli-

59 2219 108 2272 tae
124 2229 183 2270 noo
207 2208 361 2272 sacrifieiis
386 2218 495 2271 tantum
518 2218 546 2270 et
567 2209 757 2270 libationibus
781 2210 1007 2287 absolvebatur,
1032 2229 1096 2272 enm
1120 2213 1157 2272 ab
1173 2210 1276 2274 ultima

55 2295 212 2360 hominurn
233 2293 374 2362 uieruorie
388 2295 470 2360 nulla
485 2295 630 2358 saerilicia
647 2295 746 2358 offerri
764 2305 934 2362 consuetum
953 2305 1033 2358 esset
1048 2299 1158 2378 absque
1175 2300 1274 2378 preci-

13 2441 14 2446 ,
56 2387 126 2447 bus.
171 2383 212 2444 Et
234 2405 299 2449 eune
315 2383 346 2446 iu
368 2385 517 2452 adorando
541 2381 658 2454 numine
685 2403 820 2463 supremo
846 2383 1005 2464 principem
1030 2405 1096 2448 osse
1119 2382 1274 2465 religionis

56 2481 171 2552 partem
188 2469 253 2551 ipsa
271 2471 345 2534 ratio
362 2474 489 2547 doceret,
504 2491 561 2532 aen
579 2491 652 2551 opus
668 2481 730 2532 erat
745 2470 889 2550 peculiari
901 2473 938 2532 de
955 2471 1102 2552 precibus,
1119 2493 1192 2552 quas
1210 2465 1275 2554 ipsa

57 2558 226 2624 necessitas
243 2557 422 2639 postularet,
439 2559 600 2634 mandam„
616 2557 674 2620 Ubi
689 2578 758 2619 vero
774 2558 876 2636 plures
892 2559 993 2620 eodem
1012 2570 1182 2638 premuntur
1197 2559 1274 2625 malo

13 2677 14 2730 q
56 2648 240 2726 eandemque
257 2645 449 2727 experiuntur
465 2644 667 2724 calamitatem,
679 2644 719 2706 ibi
736 2645 918 2726 ipeafnatura
934 2645 1143 2724 incitanturad
1158 2660 1275 2717 mutuas

13 2739 15 2808 i
55 2754 147 2798 voces
164 2743 341 2814 mutuasque
365 2733 595 2814 supplicationes
619 2732 649 2792 in
667 2731 780 2794 coelum
808 2732 964 2796 mittendos
982 2735 1018 2796 ad
1035 2738 1275 2816 consequendum

55 2820 189 2884 numinis
204 2819 358 2884 auxilium.
402 2820 480 2884 Hine
503 2819 671 2896 israelitae,
689 2821 756 2880 durn
772 2819 803 2880 in
819 2821 952 2901 Aegypto
973 2835 1176 2898 versarentur,
1201 2825 1275 2892 dura
1302 2901 1305 2907 Ι

56 2908 200 2972 servitute
225 2907 383 2990 multisque
406 2907 621 2970 calamitatibus
646 2907 803 2987 exhausti,
820 2927 925 2969 monos
951 2907 1101 2988 supplices
1125 2909 1164 2972 ad
1182 2911 1275 2974 Deum

13 3031 14 3084 ,
57 2998 218 3060 tendebant
233 2995 358 3080 ejusque
380 2995 522 3061 auxilium
538 2994 733 3075 implorabant
756 2995 812 3056 Ex.
828 2992 1015 3068 zue-25.
1051 2993 1097 3068 ⁴lit
1110 3004 1274 3077 ‚postquam

13 3143 14 3150 ,
55 3084 96 3148 iis
112 3083 229 3153 eblone
246 3083 415 3149 nunciatum
432 3082 538 3160 fuerat,
557 3083 648 3158 [lcum
666 3102 772 3164 prceee
783 3081 853 3144 illas
873 3082 1063 3152 exaudivisse
1080 3093 1108 3146 et
1124 3083 1275 3150 misertum

58 3189 127 3234 eene
146 3170 350 3248 calamitatum,
368 3171 476 3252 quibas
485 3180 695 3252 premerentur,
712 3169 863 3234 interram
879 3189 947 3254 sese
960 3170 1126 3253 projecisse
1137 3183 1168 3234 et
1179 3172 1273 3240 Deum

57 3261 201 3323 adorasse
218 3257 356 3338 leguntur
370 3260 432 3334 Ex.
448 3257 480 3336 4,
498 3261 553 3342 31..
663 3319 667 3326 ,
814 3315 815 3320 ,

146 3345 213 3427 lpse
224 3345 340 3423 Moses,
355 3356 511 3428 postquam
527 3344 677 3408 israelitae
695 3364 748 3424 per
765 3363 844 3406 mare
860 3345 981 3405 rubrum
998 3345 1161 3410 incolumes
1179 3349 1275 3410 duxe-

57 3445 113 3509 rat,
130 3453 191 3497 uua
207 3452 270 3496 euru
290 3433 399 3514 populu
420 3433 551 3496 oratione
573 3430 785 3513 pulcherrima,
811 3449 889 3510 quae
906 3427 961 3492 Ex.
983 3427 1034 3507 15,
1060 3432 1186 3512 legitur,
1209 3436 1274 3498 Deo

58 3520 174 3602 gratias
192 3519 252 3600 egit
268 3541 319 3600 pro
335 3519 486 3582 benefieiis
503 3521 534 3581 io
550 3519 716 3582 nniversam
732 3519 808 3578 bare
826 3526 943 3597 gentem
963 3517 1088 3582 collatis.

146 3607 263 3670 Referri
281 3629 397 3689 quoque
420 3609 477 3670 bue
494 3606 587 3688 possit
604 3603 757 3688 praeclara
772 3603 825 3666 illa
840 3603 1031 3668 benedicendi
1048 3603 1190 3680 formula,
1217 3625 1275 3688 qua

56 3697 148 3780 jussu
164 3693 263 3756 divine
280 3715 429 3760 sacrorum
448 3695 607 3769 antistites,
625 3695 819 3774 quodeunque
837 3693 963 3767 bonurn,
978 3689 1068 3770 felix,
1086 3691 1274 3780 faustumque

58 3783 106 3862 eit,
120 3781 232 3874 'popolo
250 3777 430 3874 congregato
444 3781 601 3872 ,apprecari
618 3783 763 3858 debebant
779 3779 868 3846 Numi
879 3777 909 3858 6,
927 3781 1054 3844 24-26
1073 3779 1144 3866 Ψ).
1231 3781 1241 3798 “

65 3943 299 3960 *m—

128 4033 156 4104 *)
174 4034 234 4092 Vid.
264 3999 563 4092 Roee'omtiller'iu
586 4039 695 4090 scholiis
718 4031 760 4088 ‘ad
782 4039 809 4090 b.
836 4039 855 4089 1.
884 4037 1034 4104 observans,
1063 4022 1130 4091 barte
1155 4039 1276 4108 loquendi

58 4127 186 4180 retinuere
214 4119 283 4202 nint,
301 4121 363 4192 utiq
387 4129 467 4197 Νᾎρ,
496 4141 561 4194 quoe
581 4127 608 4178 iu
625 4123 658 4177 Ν.
677 4123 708 4178 Τ.
728 4127 831 4194 saepius
853 4125 966 4176 occurrit
984 4122 1048 4182 Gen.
1070 4129 1112 4189 12,
1132 4127 1166 4194 83
1188 4129 1230 4188 13,
1249 4126 1293 4179 4..
1317 4134 1320 4147 ’

57 4193 113 4245 des.
134 4201 175 4258 12,
194 4195 226 4256 4,
247 4195 295 4257 tr,
316 4193 362 4258 25,
391 4197 425 4248 ol.
447 4196 542 4246 cultum
564 4195 612 4246 Dei
631 4195 760 4262 publicum
780 4202 857 4261 utque
878 4193 1018 4245 solleuuem
1036 4194 1161 4246 indicere.
1199 4193 1273 4246 Cuul'.

59 4265 138 4316 etism
160 4263 321 4330 b'itriogn
339 4269 371 4314 de
394 4270 539 4331 &nagoga
557 4273 650 4328 cerne,
672 4267 784 4329 1,2,1.
803 4279 829 4330 p.
850 4265 901 4318 273
921 4277 957 4316 ss.
1023 4287 1029 4296 ·

125 4351 171 4414 **)
189 4348 222 4404 V.
244 4365 283 4416 er.
303 4349 318 4402 J
329 4366 353 4402 o.
375 4351 570 4418 Speueerus
591 4350 623 4399 de
642 4350 745 4415 legibue
764 4350 845 4404 Hebe.
862 4349 954 4404 situel.
973 4353 999 4414 3,
1021 4355 1047 4416 2,
1067 4354 1093 4414 2,
1111 4366 1141 4414 p.
1160 4349 1220 4404 977.

129 4435 195 4498 m)
217 4435 290 4488 Cool.
324 4435 357 4487 ed
381 4437 447 4488 b..l.
467 4435 482 4487 J
491 4455 516 4488 o.
541 4435 639 4488 Conr.
668 4435 875 4500 llottiugeri
902 4434 964 4488 dias·
985 4437 1017 4488 de
1041 4435 1273 4508 benedictionequ-

59 4505 190 4567 eerdntule'
207 4507 238 4555 ia
258 4506 408 4562 Tbrs.‚nou.
425 4503 660 4572 recaeperunt,
680 4511 704 4558 1.
726 4519 751 4570 p.
773 4507 824 4562 363
843 4517 879 4556 aa.
