2982 4892
97 249 104 259 ·
175 195 263 294 'trs
671 220 932 304 ausuaga
965 239 971 243 ·

195 397 340 466 nonnulla
355 400 388 462 in
404 399 538 482 epistolis
553 399 724 482 apostolicis
740 399 824 477 loce,
844 417 921 480 qnae
936 415 1041 478 preces
1057 396 1088 458 in
1104 395 1201 458 seems
1218 389 1422 460 moventibus

197 511 234 552 ea
250 501 345 554 aetate
363 487 428 550 lieri
444 489 547 552 solitos
570 487 702 570 proxime
726 495 860 568 spectare
884 486 1019 551 ridentur
1041 495 1071 548 ct
1092 483 1180 547 simul
1203 485 1326 562 docent,
1362 503 1421 546 eas

196 577 294 644 fnisse
308 574 381 638 varii
398 577 519 658 generis
535 585 563 638 et
580 574 757 656 argumenti.
842 635 845 640 ,
893 591 897 600 ’

285 664 429 746 Princeps
446 665 502 726 bac
518 664 549 725 in
564 683 657 726 cansa
672 663 758 724 leons
782 673 826 724 est
843 662 860 722 l
880 660 960 726 Tim.
974 657 1015 738 2,
1045 680 1103 740 quo
1128 660 1160 720 in
1184 658 1280 740 eapite
1296 657 1419 720 Paulus

197 751 339 816 rationem
356 769 523 832 causasque
539 771 657 832 precum
675 749 859 832 publicarum
875 747 1003 828 explicat
1022 767 1058 810 ue
1074 749 1176 824 docet,
1199 746 1268 846 puid
1286 755 1314 808 et
1329 746 1417 808 uiros

147 897 152 906 .
198 850 227 902 et
243 839 380 900 mulieres
394 839 497 900 deceat
510 838 540 898 in
557 858 643 900 sacro
661 847 817 899 conuentu.
849 833 1149 912 memorantium,
1164 827 1295 912 deposta,
1311 853 1418 914 προσ-

198 917 305 1007 ευχὰς,
323 916 496 1006 ἐντεύξεις,
512 917 726 1008 εὐχαριστίας,
743 944 819 1006 qnae
835 930 972 1003 lanqueum
990 941 1152 1004 synonyma
1168 923 1204 984 de
1220 919 1362 1002 precibus
1383 921 1418 982 in

197 1012 367 1076 uniuersum
384 1012 432 1073 bic
454 1012 584 1076 adbiberi
601 1009 735 1074 nonnulli
759 1010 815 1073 riri
831 1010 910 1072 dorti
935 1009 1112 1076 existimant.
1155 1009 1266 1072 Fateor
1282 1008 1419 1090 quidem,

197 1119 287 1162 rocos
303 1098 420 1180 origine
437 1111 464 1162 et
482 1099 698 1180 significatione
719 1099 852 1162 diversas
874 1098 956 1160 band
978 1117 1045 1158 raro
1060 1117 1079 1159 a
1095 1097 1132 1160 N.
1150 1096 1189 1158 Τ.
1215 1095 1418 1176 scriptoribus

197 1183 239 1250 ita
252 1187 359 1268 jungi,
382 1197 416 1248 nt
430 1207 520 1248 unam
536 1191 717 1268 eandemque
732 1207 793 1247 rem
809 1185 939 1248 indicent
954 1187 1134 1266 adeoquc‘et
1150 1183 1262 1245 ratione
1279 1186 1419 1246 vocabu·
1478 1181 1479 1186 ’

196 1273 309 1350 lorum,
327 1274 436 1356 quibus
453 1296 556 1355 preces
573 1276 604 1336 in
620 1275 658 1338 N.
676 1275 716 1338 Τ.
733 1273 957 1336 denominantur
972 1273 1090 1348 habita,
1122 1270 1153 1332 in
1176 1273 1332 1334 remorum
1352 1281 1419 1354 ety-

198 1361 329 1442 mologia
346 1383 405 1422 oon
421 1363 508 1426 anxie
530 1361 712 1426 haerendum
732 1379 810 1426 esse.
855 1361 899 1422 lta
913 1356 1084 1441 προσευχαὶ
1100 1369 1130 1420 et
1144 1349 1266 1438 derisere
1289 1358 1322 1420 in
1347 1359 1418 1440 epi-

198 1449 284 1512 stolis
302 1449 389 1512 Pauli
413 1449 534 1530 saepius
556 1450 723 1531 junguntur
747 1453 784 1510 ad
807 1447 981 1510 indicandas
1004 1446 1135 1528 cujusvis
1157 1445 1281 1524 generis
1307 1465 1420 1526 preces

198 1533 314 1616 Epied,
334 1539 392 1612 183
412 1534 563 1612 luins,
582 1539 618 1615 53
634 1535 709 1599 Phil.
718 1534 750 1612 4,
768 1537 798 1598 d.
833 1535 900 1608 ,Sed
916 1534 996 1598 illius
1012 1534 1139 1614 quidem,
1156 1536 1192 1596 de
1201 1545 1264 1614 *quo
1279 1533 1329 1594 bic
1345 1535 1418 1614 agi·

198 1643 274 1702 ntus,
291 1622 347 1684 loci
365 1623 426 1686 alia
443 1624 587 1700 astralia,
605 1623 713 1698 etenira
729 1623 845 1686 diuerso
859 1621 978 1687 nomina
993 1621 1041 1686 bic
1056 1643 1075 1684 a
1091 1619 1184 1684 Paulo
1201 1620 1291 1682 tribui
1307 1620 1418 1683 riden-

198 1717 250 1772 tur
268 1709 406 1792 precibus
430 1711 461 1772 in
481 1731 566 1773 sarno
583 1718 729 1772 conventu
745 1711 922 1788 recitandis,
958 1708 1198 1772 adiudicandum
1218 1708 1369 1774 diversum
1390 1720 1418 1771 et

121 1822 126 1830 ·
197 1796 258 1860 lete
282 1809 387 1880 patens
417 1818 517 1860 aarum
542 1809 756 1880 argumentum.
808 1799 909 1878 ltaque
937 1785 1076 1878 δεήσεις,
1108 1798 1185 1877 qnod
1210 1806 1298 1858 est-a
1322 1799 1416 1860 uerbo

198 1877 307 1962 δέομαι
323 1889 447 1966 indigno,
480 1885 611 1948 iudicant
626 1905 731 1966 preces
747 1884 926 1965 indigentiae
945 1902 1037 1946 sensu
1053 1883 1206 1946 faciendas
1224 1893 1253 1946 et
1267 1883 1418 1964 pertinent

199 1974 237 2034 ad
254 1972 421 2052 petitionem
438 1993 549 2047 eornm,
567 1975 676 2057 quibus
693 1972 861 2051 indigemus
875 1970 926 2050 *).·
961 1967 1140 2052 Προσευχαὶ
1156 1979 1225 2036 sunt
1240 1974 1418 2052 deprecatio-
1452 2005 1457 2012 ·

199 2078 253 2121 ner
270 2058 332 2119 sire
348 2069 416 2121 rota
431 2081 483 2140 pro
506 2058 594 2126 malis
610 2059 668 2122 Dei
686 2060 868 2139 benignitate
882 2079 902 2121 a
916 2057 1004 2120 nobis
1026 2057 1192 2120 avertendis
1215 2058 1311 2140 iisqne
1338 2081 1417 2142 qnae
1478 2057 1479 2066 ’

199 2145 372 2208 necessaria
393 2145 452 2208 sint
476 2157 504 2209 et
528 2147 613 2208 utilia
635 2144 733 2210 allen
755 2145 957 2226 impretandis.
1005 2138 1186 2218 Ἐντεύξεις.
1208 2158 1277 2210 sunt
1299 2167 1417 2228 preces,

200 2232 307 2314 quibus
323 2235 402 2315 apud
417 2235 511 2298 licum
528 2255 581 2316 pro
599 2231 723 2298 aliorum
739 2233 834 2302 salute
850 2231 1070 2300 intercedimus,
1102 2227 1325 2316 ’Eopuprorlno
1343 2256 1417 2316 gra-

199 2320 305 2383 tiarnm
329 2321 461 2387 actiones
481 2343 534 2403 pro
560 2321 709 2384 beneficiis
734 2323 937 2404 cujuscunque
962 2319 1098 2400 generis,
1131 2321 1240 2402 quibus
1256 2321 1341 2384 Deus
1368 2335 1418 2386 ant

199 2421 315 2472 nosmet
331 2408 413 2489 ipsos
429 2420 478 2471 ant
495 2407 571 2472 alios
587 2409 745 2472 ornaverit.
776 2466 779 2477 ,

287 2497 430 2562 Admonet
442 2496 620 2578 Apostolus,
637 2497 805 2564 fundendas
823 2516 889 2560 esse
903 2494 960 2560 has
974 2515 1077 2576 preces
1093 2515 1147 2575 pro
1163 2495 1299 2560 omnibns
1317 2497 1416 2560 bomi-

200 2583 306 2659 nibus,
318 2589 381 2665 'pro
403 2583 525 2663 regibus
543 2585 605 2647 sire
620 2585 845 2665 imperatoribus
869 2578 1063 2664 omnibusque
1081 2581 1208 2663 potentia
1223 2581 1415 2663 pollentibus,

201 2670 265 2732 sire
277 2670 508 2748 magistratibus,
522 2680 555 2734 ut
565 2671 709 2752 placidam
722 2685 809 2752 atque
821 2669 1008 2754 tranquillam
1018 2671 1104 2732 vitam
1118 2689 1244 2750 agamus
1256 2672 1336 2734 omni
1350 2694 1414 2734 cnm

200 2756 306 2839 pietate
323 2768 350 2818 et
367 2758 529 2821 honestate.
551 2758 617 2822 Hoc
632 2758 723 2836 enim,
742 2768 966 2826 conteremus
983 2757 1230 2839 pro-reipublicae
1248 2763 1415 2822 moderato·

199 2844 293 2921 ribus,
310 2845 462 2906 honestum
481 2865 547 2908 esse
565 2856 593 2908 et
609 2857 724 2928 gratnm
741 2847 805 2908 Deo
822 2847 973 2924 servatori,
991 2846 1070 2907 addit
1087 2865 1131 2908 rs.
1144 2846 1174 2908 3.
1192 2847 1293 2926 ltaque
1311 2869 1414 2925 preces

200 2941 228 3012 et
252 2931 413 3012 gratiarnm
438 2933 568 2996 actiones
591 2955 644 3014 pro
670 2933 889 3014 magistratibus
916 2941 945 2996 et
974 2931 1154 3014 reipublicae
1173 2931 1269 3008 salute
1285 2934 1413 2998 faciendi

199 3023 397 3098 consuetudo,
415 3039 505 3100 qnae,
529 3031 562 3082 nt
575 3022 636 3102 jam
653 3021 786 3097 vidimus,
804 3023 881 3101 apud
897 3022 1025 3085 ludaeos
1039 3021 1100 3102 jam
1116 3021 1168 3082 din
1183 3023 1212 3082 in
1228 3041 1289 3084 usn
1305 3019 1429 3100 inerat,

198 3105 403 3188 Apostolorum
420 3107 590 3170 auctoritate
607 3107 663 3171 luit
679 3107 798 3172 munita.
1132 3175 1138 3182 g

288 3193 538 3270 Quemadmodum
564 3194 693 3257 ecclesia
709 3195 975 3277 Hierosolymitana
997 3196 1136 3278 precibus
1161 3195 1224 3258 suis
1248 3217 1304 3279 pro
1326 3197 1414 3262 Petro

196 3279 230 3340 in
247 3300 365 3342 carcere
380 3279 568 3344 delitescente
584 3285 661 3363 apud
678 3283 772 3346 Deum
789 3283 997 3350 intercesserat
1019 3285 1089 3346 Act:
1101 3283 1151 3346 12.
1172 3287 1210 3361 ὃς
1243 3285 1285 3348 ita
1301 3286 1414 3350 Paulus

198 3367 285 3431 Rern.
308 3364 355 3456 15,
373 3367 430 3444 30,
445 3369 525 3430 serio
547 3372 699 3435 admodum
725 3391 792 3434 seso
816 3375 997 3444 commendat
1013 3373 1151 3453 precibus
1169 3373 1413 3454 Christianorum,

199 3453 249 3536 qui
266 3455 379 3518 Romae
405 3467 487 3519 erant
512 3458 686 3540 indicatque·
702 3459 789 3522 simul
806 3459 912 3539 triplex
927 3460 1029 3530 bmnm
1053 3481 1172 3540 precum
1196 3473 1413 3543 argumentum,

197 3550 318 3622 pomum
336 3543 470 3624 quidem,
487 3555 520 3610 ut
534 3545 599 3626 ipse
619 3547 759 3626 eripiatur
774 3547 890 3608 insidiis
908 3548 1142 3614 aduersariorum
1158 3548 1315 3627 religionis
1335 3551 1414 3613 chri-

199 3630 312 3694 stianas
328 3631 359 3696 in
380 3632 513 3708 Judaea3
546 3637 682 3708 ellonem,
701 3645 732 3694 ut
749 3633 951 3714 eleemosynae
966 3638 1005 3696 ob
1025 3635 1088 3716 ipso
1104 3634 1342 3715 Hierosolymam
1359 3642 1413 3702 do·

111 3751 113 3754 -
196 3721 356 3794 portandae
373 3731 475 3796 gratae
490 3718 736 3784 sinthristianis
753 3720 793 3782 ibi
811 3721 1003 3800 degentibn13
1025 3731 1135 3786 tanturm
1154 3724 1291 3806 deniqne,
1311 3737 1343 3788 nt
1360 3749 1412 3790 rn-

196 3802 275 3864 lente
294 3807 356 3865 Deo
373 3803 470 3868 laetus
491 3808 528 3868 ad
546 3805 626 3886 ipsos
643 3807 740 3869 veniat
763 3818 790 3868 et
806 3829 865 3869 una
882 3829 945 3870 coru
964 3809 1001 3872 iis
1018 3811 1145 3872 animum
1162 3823 1286 3876 recreet.
1332 3816 1411 3877 ldenr
1477 3871 1479 3878 ⁴

197 3890 357 3969 Apostolus
373 3890 396 3954 2
411 3893 479 3956 Cor.
499 3894 527 3954 Ι.
549 3897 596 3970 11,
614 3903 714 3974 sperat
730 3915 763 3957 se
779 3895 920 3976 periculis
937 3907 1067 3980 ereplum
1084 3899 1138 3978 iri,
1155 3898 1180 3960 si
1197 3899 1350 3963 ‘Corinthii
1364 3904 1410 3984 ip·
1478 3953 1479 3958 1

145 4015 159 4039 .
198 3995 263 4060 snm
283 3977 418 4058 precibus
443 3983 478 4042 ad
495 3981 590 4043 Deum
614 3981 688 4042 fusis
706 3983 966 4064 adjurare-uelint,
991 3985 1032 4048 ita
1048 3997 1080 4048 nt
1095 4008 1147 4068 pro
1167 3987 1308 4052 beneficio
1324 3990 1358 4054 ¹in
1380 4011 1411 4053 sc

198 4064 304 4162 collato
321 4065 436 4145 gratiae
453 4068 518 4131 Deo
536 4079 671 4149 agantur.

194 4175 423 4188 *a*

267 4215 373 4285 *)Vid.
392 4217 500 4300 Gregor.
522 4220 647 4311 Nspinnz.
668 4223 752 4308 lamb.
775 4226 815 4279 15.
854 4275 855 4280 ,
916 4292 929 4306 η
961 4295 979 4324 rr
1011 4278 1015 4284 .

154 4422 158 4434 Ι
197 4353 272 4410 Coei.
298 4357 329 4408 de
357 4288 831 4426 hujpptspppnvbpppvsipnpppapippnrort
844 4290 995 4418 lollruillll.
1017 4363 1047 4416 T.
1066 4363 1128 4418 Ger.
1148 4335 1271 4425 (lothorii
1294 4329 1358 4426 obs.
1377 4373 1408 4424 ad

196 4422 253 4482 lan.
270 4429 297 4494 5,
317 4427 359 4492 16,
378 4426 407 4476 t'tr
425 4425 549 4480 Rittium.
570 4433 657 4484 Brenn.
675 4429 745 4489 Clas.
764 4431 791 4486 4.
813 4430 889 4489 llatc.
909 4435 936 4487 3.
958 4449 983 4500 p·
1003 4431 1111 4492 45818.
