<?xml version="1.0" encoding="UTF-8"?>
<!DOCTYPE html PUBLIC "-//W3C//DTD XHTML 1.0 Transitional//EN"
    "http://www.w3.org/TR/xhtml1/DTD/xhtml1-transitional.dtd">
<html xmlns="http://www.w3.org/1999/xhtml" xml:lang="en" lang="en">
 <head>
  <title>
</title>
<meta http-equiv="Content-Type" content="text/html;charset=utf-8" />
  <meta name='ocr-system' content='tesseract 3.04.00' />
  <meta name='ocr-capabilities' content='ocr_page ocr_carea ocr_par ocr_line ocrx_word'/>
</head>
<body>
  <div class='ocr_page' id='page_1' title='image "./thesauruscommen01volbgoog_0158.png"; bbox 0 0 2944 4904; ppageno 0'>
   <div class='ocr_carea' id='block_1_1' title="bbox 212 173 1253 327">
    <p class='ocr_par' dir='ltr' id='par_1_1' title="bbox 212 173 1253 327">
     <span class='ocr_line' id='line_1_1' title="bbox 212 173 1253 327; baseline 0.008 -35"><span class='ocrx_word' id='word_1_1' title='bbox 212 233 250 294; x_wconf 85' lang='lat' dir='ltr'><strong>de</strong></span> <span class='ocrx_word' id='word_1_2' title='bbox 267 228 344 312; x_wconf 71' lang='lat' dir='ltr'><strong>orig.</strong></span> <span class='ocrx_word' id='word_1_3' title='bbox 361 225 468 296; x_wconf 89' lang='lat' dir='ltr'><strong>sollen.</strong></span> <span class='ocrx_word' id='word_1_4' title='bbox 483 227 574 327; x_wconf 81' lang='lat' dir='ltr'><strong>retal.</strong></span> <span class='ocrx_word' id='word_1_5' title='bbox 590 226 662 292; x_wconf 77' lang='lat' dir='ltr'><strong>Chr.</strong></span> <span class='ocrx_word' id='word_1_6' title='bbox 681 247 717 292; x_wconf 83' lang='lat' dir='ltr'><strong>cx</strong></span> <span class='ocrx_word' id='word_1_7' title='bbox 734 227 833 293; x_wconf 76' lang='lat' dir='ltr'><strong>iestis.</strong></span> <span class='ocrx_word' id='word_1_8' title='bbox 852 227 959 294; x_wconf 87' lang='lat' dir='ltr'><strong>natalis</strong></span> <span class='ocrx_word' id='word_1_9' title='bbox 975 229 1086 298; x_wconf 83' lang='lat' dir='ltr'><strong>invicti.</strong></span> <span class='ocrx_word' id='word_1_10' title='bbox 1157 173 1161 180; x_wconf 30' lang='grc' dir='ltr'>Ι</span> <span class='ocrx_word' id='word_1_11' title='bbox 1189 231 1253 312; x_wconf 68' lang='grc'><strong>143</strong></span> 
     </span>
    </p>
   </div>
   <div class='ocr_carea' id='block_1_2' title="bbox 34 401 1303 1358">
    <p class='ocr_par' dir='ltr' id='par_1_2' title="bbox 34 401 1303 1358">
     <span class='ocr_line' id='line_1_2' title="bbox 121 401 1256 486; baseline 0.005 -20"><span class='ocrx_word' id='word_1_12' title='bbox 121 405 191 466; x_wconf 85' lang='lat' dir='ltr'><strong>Janr</strong></span> <span class='ocrx_word' id='word_1_13' title='bbox 210 401 288 466; x_wconf 89' lang='lat' dir='ltr'><strong>euim</strong></span> <span class='ocrx_word' id='word_1_14' title='bbox 305 401 503 484; x_wconf 68' lang='lat' dir='ltr'><strong>tranquillatis</strong></span> <span class='ocrx_word' id='word_1_15' title='bbox 525 403 617 466; x_wconf 87' lang='lat' dir='ltr'><strong>rebus</strong></span> <span class='ocrx_word' id='word_1_16' title='bbox 636 401 870 466; x_wconf 86' lang='lat' dir='ltr'><strong>Christianorum</strong></span> <span class='ocrx_word' id='word_1_17' title='bbox 887 413 916 467; x_wconf 87' lang='lat' dir='ltr'><strong>et</strong></span> <span class='ocrx_word' id='word_1_18' title='bbox 928 403 1052 486; x_wconf 85' lang='lat' dir='ltr'><strong>irnperio</strong></span> <span class='ocrx_word' id='word_1_19' title='bbox 1068 407 1105 467; x_wconf 89' lang='lat' dir='ltr'><strong>sd</strong></span> <span class='ocrx_word' id='word_1_20' title='bbox 1130 425 1185 470; x_wconf 84' lang='lat' dir='ltr'><strong>eas</strong></span> <span class='ocrx_word' id='word_1_21' title='bbox 1200 410 1256 472; x_wconf 86' lang='lat' dir='ltr'><strong>de·</strong></span> 
     </span>
     <span class='ocr_line' id='line_1_3' title="bbox 36 483 1255 570; baseline 0.005 -18"><span class='ocrx_word' id='word_1_22' title='bbox 36 491 147 568; x_wconf 74' lang='lat' dir='ltr'><strong>solutu,</strong></span> <span class='ocrx_word' id='word_1_23' title='bbox 163 489 234 554; x_wconf 87' lang='lat' dir='ltr'><strong>lasti</strong></span> <span class='ocrx_word' id='word_1_24' title='bbox 253 483 380 570; x_wconf 51' lang='lat' dir='ltr'><strong>igentiles</strong></span> <span class='ocrx_word' id='word_1_25' title='bbox 402 493 438 552; x_wconf 92' lang='lat' dir='ltr'><strong>ud</strong></span> <span class='ocrx_word' id='word_1_26' title='bbox 462 489 619 554; x_wconf 87' lang='lat' dir='ltr'><strong>eorundem</strong></span> <span class='ocrx_word' id='word_1_27' title='bbox 636 511 721 555; x_wconf 87' lang='lat' dir='ltr'><strong>usum</strong></span> <span class='ocrx_word' id='word_1_28' title='bbox 745 500 775 553; x_wconf 90' lang='lat' dir='ltr'><strong>et</strong></span> <span class='ocrx_word' id='word_1_29' title='bbox 796 491 926 554; x_wconf 86' lang='lat' dir='ltr'><strong>rationes</strong></span> <span class='ocrx_word' id='word_1_30' title='bbox 950 489 1255 560; x_wconf 72' lang='lat' dir='ltr'><strong>accommodabuntur.</strong></span> 
     </span>
     <span class='ocr_line' id='line_1_4' title="bbox 37 577 1256 660; baseline 0.005 -22"><span class='ocrx_word' id='word_1_31' title='bbox 37 578 151 660; x_wconf 86' lang='lat' dir='ltr'><strong>ltaque,</strong></span> <span class='ocrx_word' id='word_1_32' title='bbox 170 578 222 659; x_wconf 88' lang='lat' dir='ltr'><strong>qui</strong></span> <span class='ocrx_word' id='word_1_33' title='bbox 239 578 317 640; x_wconf 88' lang='lat' dir='ltr'><strong>banc</strong></span> <span class='ocrx_word' id='word_1_34' title='bbox 333 577 458 660; x_wconf 86' lang='lat' dir='ltr'><strong>operaru&#39;</strong></span> <span class='ocrx_word' id='word_1_35' title='bbox 469 589 670 658; x_wconf 86' lang='lat' dir='ltr'><strong>susceperant,</strong></span> <span class='ocrx_word' id='word_1_36' title='bbox 701 599 810 640; x_wconf 91' lang='lat' dir='ltr'><strong>aunum</strong></span> <span class='ocrx_word' id='word_1_37' title='bbox 828 578 886 640; x_wconf 86' lang='lat' dir='ltr'><strong>diei</strong></span> <span class='ocrx_word' id='word_1_38' title='bbox 911 579 1056 660; x_wconf 77' lang='lat' dir='ltr'><strong>cujusquo</strong></span> <span class='ocrx_word' id='word_1_39' title='bbox 1080 577 1256 644; x_wconf 81' lang='lat' dir='ltr'><strong>Christianis</strong></span> 
     </span>
     <span class='ocr_line' id='line_1_5' title="bbox 35 663 1255 748; baseline 0.004 -23"><span class='ocrx_word' id='word_1_40' title='bbox 35 665 100 728; x_wconf 87' lang='lat' dir='ltr'><strong>testi</strong></span> <span class='ocrx_word' id='word_1_41' title='bbox 130 663 322 729; x_wconf 85' lang='lat' dir='ltr'><strong>sollennitate</strong></span> <span class='ocrx_word' id='word_1_42' title='bbox 339 665 554 745; x_wconf 75' lang='lat' dir='ltr'><strong>distinguendi,</strong></span> <span class='ocrx_word' id='word_1_43' title='bbox 583 685 672 746; x_wconf 86' lang='lat' dir='ltr'><strong>quom</strong></span> <span class='ocrx_word' id='word_1_44' title='bbox 688 663 807 728; x_wconf 87' lang='lat' dir='ltr'><strong>natales</strong></span> <span class='ocrx_word' id='word_1_45' title='bbox 820 669 939 728; x_wconf 87' lang='lat' dir='ltr'><strong>duorum</strong></span> <span class='ocrx_word' id='word_1_46' title='bbox 956 675 984 728; x_wconf 92' lang='lat' dir='ltr'><strong>et</strong></span> <span class='ocrx_word' id='word_1_47' title='bbox 1000 665 1163 747; x_wconf 82' lang='lat' dir='ltr'><strong>principum</strong></span> <span class='ocrx_word' id='word_1_48' title='bbox 1180 687 1255 748; x_wconf 81' lang='lat' dir='ltr'><strong>rpus-</strong></span> 
     </span>
     <span class='ocr_line' id='line_1_6' title="bbox 36 751 1255 835; baseline 0.004 -22"><span class='ocrx_word' id='word_1_49' title='bbox 36 755 99 815; x_wconf 86' lang='lat' dir='ltr'><strong>daru</strong></span> <span class='ocrx_word' id='word_1_50' title='bbox 120 751 296 816; x_wconf 74' lang='lat' dir='ltr'><strong>festivitatis</strong></span> <span class='ocrx_word' id='word_1_51' title='bbox 312 762 380 814; x_wconf 91' lang='lat' dir='ltr'><strong>uota</strong></span> <span class='ocrx_word' id='word_1_52' title='bbox 395 751 553 832; x_wconf 72' lang='lat' dir='ltr'><strong>insignitos</strong></span> <span class='ocrx_word' id='word_1_53' title='bbox 571 752 712 830; x_wconf 85' lang='lat' dir='ltr'><strong>viderunt,</strong></span> <span class='ocrx_word' id='word_1_54' title='bbox 729 753 894 818; x_wconf 73' lang='lat' dir='ltr'><strong>serraturis</strong></span> <span class='ocrx_word' id='word_1_55' title='bbox 910 753 1002 814; x_wconf 88' lang='lat' dir='ltr'><strong>nostri</strong></span> <span class='ocrx_word' id='word_1_56' title='bbox 1015 753 1152 832; x_wconf 77' lang='lat' dir='ltr'><strong>natalem,</strong></span> <span class='ocrx_word' id='word_1_57' title='bbox 1168 773 1255 835; x_wconf 73' lang='lat' dir='ltr'><strong>queas</strong></span> 
     </span>
     <span class='ocr_line' id='line_1_7' title="bbox 34 838 1256 921; baseline 0.003 -21"><span class='ocrx_word' id='word_1_58' title='bbox 34 839 122 920; x_wconf 88' lang='lat' dir='ltr'><strong>primi</strong></span> <span class='ocrx_word' id='word_1_59' title='bbox 142 838 307 904; x_wconf 86' lang='lat' dir='ltr'><strong>Christiani</strong></span> <span class='ocrx_word' id='word_1_60' title='bbox 331 849 426 902; x_wconf 86' lang='lat' dir='ltr'><strong>metus</strong></span> <span class='ocrx_word' id='word_1_61' title='bbox 447 859 540 902; x_wconf 89' lang='lat' dir='ltr'><strong>causa</strong></span> <span class='ocrx_word' id='word_1_62' title='bbox 562 859 621 902; x_wconf 88' lang='lat' dir='ltr'><strong>nou</strong></span> <span class='ocrx_word' id='word_1_63' title='bbox 639 839 835 916; x_wconf 76' lang='lat' dir='ltr'><strong>celebrabant,</strong></span> <span class='ocrx_word' id='word_1_64' title='bbox 851 839 941 904; x_wconf 88' lang='lat' dir='ltr'><strong>simili</strong></span> <span class='ocrx_word' id='word_1_65' title='bbox 958 850 1028 902; x_wconf 84' lang='lat' dir='ltr'><strong>uota</strong></span> <span class='ocrx_word' id='word_1_66' title='bbox 1043 851 1073 902; x_wconf 88' lang='lat' dir='ltr'><strong>et</strong></span> <span class='ocrx_word' id='word_1_67' title='bbox 1092 841 1191 921; x_wconf 78' lang='lat' dir='ltr'><strong>ipsum</strong></span> <span class='ocrx_word' id='word_1_68' title='bbox 1205 842 1256 904; x_wconf 89' lang='lat' dir='ltr'><strong>in-</strong></span> 
     </span>
     <span class='ocr_line' id='line_1_8' title="bbox 37 925 1303 1010; baseline 0.003 -24"><span class='ocrx_word' id='word_1_69' title='bbox 37 927 157 1008; x_wconf 80' lang='lat' dir='ltr'><strong>signire</strong></span> <span class='ocrx_word' id='word_1_70' title='bbox 186 926 394 1007; x_wconf 73' lang='lat' dir='ltr'><strong>volucrunt*).</strong></span> <span class='ocrx_word' id='word_1_71' title='bbox 424 926 484 990; x_wconf 89' lang='lat' dir='ltr'><strong>Sed</strong></span> <span class='ocrx_word' id='word_1_72' title='bbox 502 947 589 1008; x_wconf 87' lang='lat' dir='ltr'><strong>quum</strong></span> <span class='ocrx_word' id='word_1_73' title='bbox 606 925 709 1007; x_wconf 85' lang='lat' dir='ltr'><strong>portion</strong></span> <span class='ocrx_word' id='word_1_74' title='bbox 726 947 827 992; x_wconf 83' lang='lat' dir='ltr'><strong>reram</strong></span> <span class='ocrx_word' id='word_1_75' title='bbox 851 927 927 990; x_wconf 88' lang='lat' dir='ltr'><strong>diem</strong></span> <span class='ocrx_word' id='word_1_76' title='bbox 942 925 1129 1008; x_wconf 71' lang='lat' dir='ltr'><strong>ignorarent,</strong></span> <span class='ocrx_word' id='word_1_77' title='bbox 1151 929 1256 1010; x_wconf 83' lang='lat' dir='ltr'><strong>partim</strong></span> <span class='ocrx_word' id='word_1_78' title='bbox 1289 926 1303 983; x_wconf 82' lang='grc'><strong>.’</strong></span> 
     </span>
     <span class='ocr_line' id='line_1_9' title="bbox 34 1012 1256 1096; baseline 0.002 -21"><span class='ocrx_word' id='word_1_79' title='bbox 34 1015 165 1095; x_wconf 85' lang='lat' dir='ltr'><strong>profana</strong></span> <span class='ocrx_word' id='word_1_80' title='bbox 181 1013 270 1092; x_wconf 75' lang='lat' dir='ltr'><strong>leem,</strong></span> <span class='ocrx_word' id='word_1_81' title='bbox 286 1013 392 1096; x_wconf 78' lang='lat' dir='ltr'><strong>quibus</strong></span> <span class='ocrx_word' id='word_1_82' title='bbox 417 1012 542 1095; x_wconf 90' lang='lat' dir='ltr'><strong>populus</strong></span> <span class='ocrx_word' id='word_1_83' title='bbox 567 1015 709 1076; x_wconf 89' lang='lat' dir='ltr'><strong>adsuetus</strong></span> <span class='ocrx_word' id='word_1_84' title='bbox 733 1024 830 1091; x_wconf 88' lang='lat' dir='ltr'><strong>osset,</strong></span> <span class='ocrx_word' id='word_1_85' title='bbox 856 1013 886 1074; x_wconf 91' lang='lat' dir='ltr'><strong>iu</strong></span> <span class='ocrx_word' id='word_1_86' title='bbox 914 1014 1075 1078; x_wconf 88' lang='lat' dir='ltr'><strong>christiana</strong></span> <span class='ocrx_word' id='word_1_87' title='bbox 1096 1015 1256 1080; x_wconf 63' lang='lat' dir='ltr'><strong>rdnraaare</strong></span> 
     </span>
     <span class='ocr_line' id='line_1_10' title="bbox 34 1098 1256 1179; baseline 0.003 -15"><span class='ocrx_word' id='word_1_88' title='bbox 34 1101 157 1179; x_wconf 81' lang='lat' dir='ltr'><strong>uellent,</strong></span> <span class='ocrx_word' id='word_1_89' title='bbox 175 1099 292 1162; x_wconf 87' lang='lat' dir='ltr'><strong>nullum</strong></span> <span class='ocrx_word' id='word_1_90' title='bbox 307 1101 338 1161; x_wconf 93' lang='lat' dir='ltr'><strong>iu</strong></span> <span class='ocrx_word' id='word_1_91' title='bbox 354 1121 476 1164; x_wconf 89' lang='lat' dir='ltr'><strong>romano</strong></span> <span class='ocrx_word' id='word_1_92' title='bbox 492 1098 668 1162; x_wconf 85' lang='lat' dir='ltr'><strong>kalendario</strong></span> <span class='ocrx_word' id='word_1_93' title='bbox 685 1101 760 1163; x_wconf 85' lang='lat' dir='ltr'><strong>dicun</strong></span> <span class='ocrx_word' id='word_1_94' title='bbox 777 1101 883 1164; x_wconf 86' lang='lat' dir='ltr'><strong>isstuur</strong></span> <span class='ocrx_word' id='word_1_95' title='bbox 899 1101 989 1164; x_wconf 82' lang='lat' dir='ltr'><strong>catab</strong></span> <span class='ocrx_word' id='word_1_96' title='bbox 1000 1101 1108 1164; x_wconf 86' lang='lat' dir='ltr'><strong>Christi</strong></span> <span class='ocrx_word' id='word_1_97' title='bbox 1126 1123 1256 1168; x_wconf 75' lang='lat' dir='ltr'><strong>conmo-</strong></span> 
     </span>
     <span class='ocr_line' id='line_1_11' title="bbox 34 1187 1289 1269; baseline 0.003 -19"><span class='ocrx_word' id='word_1_98' title='bbox 34 1189 102 1251; x_wconf 91' lang='lat' dir='ltr'><strong>dius</strong></span> <span class='ocrx_word' id='word_1_99' title='bbox 118 1187 273 1269; x_wconf 75' lang='lat' dir='ltr'><strong>assignari</strong></span> <span class='ocrx_word' id='word_1_100' title='bbox 289 1207 390 1269; x_wconf 79' lang='lat' dir='ltr'><strong>posse.</strong></span> <span class='ocrx_word' id='word_1_101' title='bbox 406 1208 492 1268; x_wconf 85' lang='lat' dir='ltr'><strong>quum</strong></span> <span class='ocrx_word' id='word_1_102' title='bbox 523 1187 650 1250; x_wconf 87' lang='lat' dir='ltr'><strong>natalem</strong></span> <span class='ocrx_word' id='word_1_103' title='bbox 683 1188 785 1250; x_wconf 88' lang='lat' dir='ltr'><strong>iuricti</strong></span> <span class='ocrx_word' id='word_1_104' title='bbox 820 1188 1014 1252; x_wconf 84' lang='lat' dir='ltr'><strong>crediderunt.</strong></span> <span class='ocrx_word' id='word_1_105' title='bbox 1058 1189 1147 1267; x_wconf 80' lang='lat' dir='ltr'><strong>Quod</strong></span> <span class='ocrx_word' id='word_1_106' title='bbox 1176 1191 1289 1266; x_wconf 69' lang='lat' dir='ltr'><strong>drea,</strong></span> 
     </span>
     <span class='ocr_line' id='line_1_12' title="bbox 34 1274 1288 1358; baseline 0.002 -20"><span class='ocrx_word' id='word_1_107' title='bbox 34 1276 166 1340; x_wconf 85' lang='lat' dir='ltr'><strong>medium</strong></span> <span class='ocrx_word' id='word_1_108' title='bbox 184 1297 217 1356; x_wconf 86' lang='lat' dir='ltr'><strong>p.</strong></span> <span class='ocrx_word' id='word_1_109' title='bbox 235 1274 305 1339; x_wconf 89' lang='lat' dir='ltr'><strong>Chr.</strong></span> <span class='ocrx_word' id='word_1_110' title='bbox 322 1295 382 1340; x_wconf 89' lang='lat' dir='ltr'><strong>sec.</strong></span> <span class='ocrx_word' id='word_1_111' title='bbox 399 1275 448 1338; x_wconf 90' lang='lat' dir='ltr'><strong>tn.</strong></span> <span class='ocrx_word' id='word_1_112' title='bbox 465 1283 584 1338; x_wconf 87' lang='lat' dir='ltr'><strong>auctore</strong></span> <span class='ocrx_word' id='word_1_113' title='bbox 600 1274 679 1338; x_wconf 86' lang='lat' dir='ltr'><strong>lulio</strong></span> <span class='ocrx_word' id='word_1_114' title='bbox 696 1276 717 1339; x_wconf 93' lang='lat' dir='ltr'><strong>i.</strong></span> <span class='ocrx_word' id='word_1_115' title='bbox 736 1297 766 1357; x_wconf 89' lang='lat' dir='ltr'><strong>p.</strong></span> <span class='ocrx_word' id='word_1_116' title='bbox 783 1297 807 1340; x_wconf 86' lang='lat' dir='ltr'><strong>r.</strong></span> <span class='ocrx_word' id='word_1_117' title='bbox 826 1275 951 1340; x_wconf 88' lang='lat' dir='ltr'><strong>lorsitau</strong></span> <span class='ocrx_word' id='word_1_118' title='bbox 966 1276 1076 1338; x_wconf 85' lang='lat' dir='ltr'><strong>iactum</strong></span> <span class='ocrx_word' id='word_1_119' title='bbox 1091 1275 1206 1358; x_wconf 73' lang='lat' dir='ltr'><strong>cst**)‚</strong></span> <span class='ocrx_word' id='word_1_120' title='bbox 1223 1289 1256 1342; x_wconf 90' lang='lat' dir='ltr'><strong>ut</strong></span> <span class='ocrx_word' id='word_1_121' title='bbox 1282 1329 1288 1340; x_wconf 73' lang='grc'>,</span> 
     </span>
    </p>
   </div>
   <div class='ocr_carea' id='block_1_3' title="bbox 34 1414 243 1428">
    <p class='ocr_par' dir='ltr' id='par_1_3' title="bbox 34 1414 243 1428">
     <span class='ocr_line' id='line_1_13' title="bbox 34 1414 243 1428; baseline -0.01 -1"><span class='ocrx_word' id='word_1_122' title='bbox 34 1414 243 1428; x_wconf 73' lang='lat'>-—-—·-·</span> 
     </span>
    </p>
   </div>
   <div class='ocr_carea' id='block_1_4' title="bbox 35 1497 1259 3280">
    <p class='ocr_par' dir='ltr' id='par_1_4' title="bbox 35 1497 1259 2578">
     <span class='ocr_line' id='line_1_14' title="bbox 36 1497 1255 1566; baseline 0.002 -14"><span class='ocrx_word' id='word_1_123' title='bbox 36 1500 75 1552; x_wconf 86' lang='lat' dir='ltr'><strong>lta</strong></span> <span class='ocrx_word' id='word_1_124' title='bbox 100 1501 199 1552; x_wconf 81' lang='lat' dir='ltr'><strong>lustum</strong></span> <span class='ocrx_word' id='word_1_125' title='bbox 219 1497 358 1550; x_wconf 78' lang='lat' dir='ltr'><strong>cathedrae</strong></span> <span class='ocrx_word' id='word_1_126' title='bbox 385 1497 561 1549; x_wconf 77' lang='lat' dir='ltr'><strong>Antiochense</strong></span> <span class='ocrx_word' id='word_1_127' title='bbox 581 1497 657 1548; x_wconf 88' lang='lat' dir='ltr'><strong>istius</strong></span> <span class='ocrx_word' id='word_1_128' title='bbox 672 1497 852 1564; x_wconf 77' lang='lat' dir='ltr'><strong>Apostolorum</strong></span> <span class='ocrx_word' id='word_1_129' title='bbox 869 1499 954 1566; x_wconf 88' lang='lat' dir='ltr'><strong>primi,</strong></span> <span class='ocrx_word' id='word_1_130' title='bbox 977 1498 1141 1566; x_wconf 80' lang='lat' dir='ltr'><strong>quodetiam</strong></span> <span class='ocrx_word' id='word_1_131' title='bbox 1162 1501 1255 1554; x_wconf 81' lang='lat' dir='ltr'><strong>festum</strong></span> 
     </span>
     <span class='ocr_line' id='line_1_15' title="bbox 35 1564 1255 1636; baseline -0.005 -16"><span class='ocrx_word' id='word_1_132' title='bbox 35 1571 175 1636; x_wconf 83' lang='lat' dir='ltr'><strong>epularum</strong></span> <span class='ocrx_word' id='word_1_133' title='bbox 196 1567 267 1618; x_wconf 88' lang='lat' dir='ltr'><strong>Petri</strong></span> <span class='ocrx_word' id='word_1_134' title='bbox 287 1567 354 1634; x_wconf 88' lang='lat' dir='ltr'><strong>apud</strong></span> <span class='ocrx_word' id='word_1_135' title='bbox 372 1566 569 1617; x_wconf 86' lang='lat' dir='ltr'><strong>Duraudum</strong></span> <span class='ocrx_word' id='word_1_136' title='bbox 591 1564 710 1630; x_wconf 72' lang='lat' dir='ltr'><strong>(auton.</strong></span> <span class='ocrx_word' id='word_1_137' title='bbox 729 1567 781 1617; x_wconf 76' lang='lat' dir='ltr'><strong>aa.</strong></span> <span class='ocrx_word' id='word_1_138' title='bbox 801 1566 869 1632; x_wconf 72' lang='lat' dir='ltr'><strong>sitis.</strong></span> <span class='ocrx_word' id='word_1_139' title='bbox 890 1573 916 1632; x_wconf 89' lang='lat'><strong>7,</strong></span> <span class='ocrx_word' id='word_1_140' title='bbox 933 1571 973 1632; x_wconf 80' lang='grc' dir='ltr'><strong>θ.)</strong></span> <span class='ocrx_word' id='word_1_141' title='bbox 992 1575 1116 1635; x_wconf 85' lang='lat' dir='ltr'><strong>vocatur,</strong></span> <span class='ocrx_word' id='word_1_142' title='bbox 1139 1572 1172 1622; x_wconf 83' lang='lat' dir='ltr'><strong>ad</strong></span> <span class='ocrx_word' id='word_1_143' title='bbox 1192 1587 1255 1622; x_wconf 73' lang='lat' dir='ltr'><strong>eon.</strong></span> 
     </span>
     <span class='ocr_line' id='line_1_16' title="bbox 37 1634 1256 1704; baseline 0.002 -15"><span class='ocrx_word' id='word_1_144' title='bbox 37 1637 204 1689; x_wconf 78' lang='lat' dir='ltr'><strong>suetudinem</strong></span> <span class='ocrx_word' id='word_1_145' title='bbox 224 1635 388 1703; x_wconf 80' lang='lat' dir='ltr'><strong>profanarum</strong></span> <span class='ocrx_word' id='word_1_146' title='bbox 407 1635 551 1702; x_wconf 88' lang='lat' dir='ltr'><strong>epularum,</strong></span> <span class='ocrx_word' id='word_1_147' title='bbox 572 1635 603 1685; x_wconf 88' lang='lat' dir='ltr'><strong>de</strong></span> <span class='ocrx_word' id='word_1_148' title='bbox 622 1634 715 1700; x_wconf 87' lang='lat' dir='ltr'><strong>quibus</strong></span> <span class='ocrx_word' id='word_1_149' title='bbox 734 1635 880 1686; x_wconf 84' lang='lat' dir='ltr'><strong>Ovidius</strong></span> <span class='ocrx_word' id='word_1_150' title='bbox 899 1639 972 1686; x_wconf 80' lang='lat' dir='ltr'><strong>Fast.</strong></span> <span class='ocrx_word' id='word_1_151' title='bbox 994 1641 1011 1688; x_wconf 79' lang='lat'><strong>2</strong></span> <span class='ocrx_word' id='word_1_152' title='bbox 1030 1653 1055 1688; x_wconf 90' lang='lat' dir='ltr'><strong>o.</strong></span> <span class='ocrx_word' id='word_1_153' title='bbox 1075 1637 1137 1692; x_wconf 71' lang='grc'><strong>443.</strong></span> <span class='ocrx_word' id='word_1_154' title='bbox 1156 1655 1171 1690; x_wconf 86' lang='lat' dir='ltr'><strong>a</strong></span> <span class='ocrx_word' id='word_1_155' title='bbox 1192 1655 1256 1704; x_wconf 72' lang='lat' dir='ltr'><strong>gen-</strong></span> 
     </span>
     <span class='ocr_line' id='line_1_17' title="bbox 37 1703 1255 1771; baseline 0.003 -14"><span class='ocrx_word' id='word_1_156' title='bbox 37 1708 126 1757; x_wconf 89' lang='lat' dir='ltr'><strong>tilibus</strong></span> <span class='ocrx_word' id='word_1_157' title='bbox 154 1721 189 1766; x_wconf 87' lang='lat' dir='ltr'><strong>eo</strong></span> <span class='ocrx_word' id='word_1_158' title='bbox 214 1711 329 1771; x_wconf 84' lang='lat' dir='ltr'><strong>tempure</strong></span> <span class='ocrx_word' id='word_1_159' title='bbox 354 1703 411 1754; x_wconf 90' lang='lat' dir='ltr'><strong>duri</strong></span> <span class='ocrx_word' id='word_1_160' title='bbox 435 1703 590 1768; x_wconf 79' lang='lat' dir='ltr'><strong>coliturum,</strong></span> <span class='ocrx_word' id='word_1_161' title='bbox 624 1703 813 1755; x_wconf 88' lang='lat' dir='ltr'><strong>dissolvendam</strong></span> <span class='ocrx_word' id='word_1_162' title='bbox 838 1720 868 1755; x_wconf 91' lang='lat' dir='ltr'><strong>au</strong></span> <span class='ocrx_word' id='word_1_163' title='bbox 892 1705 1089 1771; x_wconf 84' lang='lat' dir='ltr'><strong>praecidendam</strong></span> <span class='ocrx_word' id='word_1_164' title='bbox 1110 1707 1255 1761; x_wconf 79' lang='lat' dir='ltr'><strong>institutum</strong></span> 
     </span>
     <span class='ocr_line' id='line_1_18' title="bbox 38 1771 1256 1842; baseline 0.002 -16"><span class='ocrx_word' id='word_1_165' title='bbox 38 1776 103 1840; x_wconf 89' lang='lat' dir='ltr'><strong>luit,</strong></span> <span class='ocrx_word' id='word_1_166' title='bbox 129 1775 244 1825; x_wconf 86' lang='lat' dir='ltr'><strong>docente</strong></span> <span class='ocrx_word' id='word_1_167' title='bbox 274 1771 343 1823; x_wconf 83' lang='lat' dir='ltr'><strong>Pet.</strong></span> <span class='ocrx_word' id='word_1_168' title='bbox 371 1772 500 1823; x_wconf 90' lang='lat' dir='ltr'><strong>Zoroio</strong></span> <span class='ocrx_word' id='word_1_169' title='bbox 526 1772 589 1822; x_wconf 90' lang='lat' dir='ltr'><strong>diss.</strong></span> <span class='ocrx_word' id='word_1_170' title='bbox 612 1772 644 1820; x_wconf 86' lang='lat' dir='ltr'><strong>de</strong></span> <span class='ocrx_word' id='word_1_171' title='bbox 661 1773 792 1822; x_wconf 66' lang='lat' dir='ltr'><strong>natalitias</strong></span> <span class='ocrx_word' id='word_1_172' title='bbox 809 1773 949 1822; x_wconf 72' lang='lat' dir='ltr'><strong>cathedrae</strong></span> <span class='ocrx_word' id='word_1_173' title='bbox 966 1775 1039 1823; x_wconf 79' lang='lat' dir='ltr'><strong>Petri</strong></span> <span class='ocrx_word' id='word_1_174' title='bbox 1054 1773 1086 1825; x_wconf 85' lang='grc' dir='ltr'><strong>Τ.</strong></span> <span class='ocrx_word' id='word_1_175' title='bbox 1105 1775 1138 1826; x_wconf 93' lang='lat' dir='ltr'><strong>ll.</strong></span> <span class='ocrx_word' id='word_1_176' title='bbox 1161 1779 1256 1842; x_wconf 75' lang='lat' dir='ltr'><strong>Opere.</strong></span> 
     </span>
     <span class='ocr_line' id='line_1_19' title="bbox 36 1836 1254 1907; baseline 0.002 -14"><span class='ocrx_word' id='word_1_177' title='bbox 36 1861 104 1897; x_wconf 82' lang='lat' dir='ltr'><strong>socr.</strong></span> <span class='ocrx_word' id='word_1_178' title='bbox 124 1842 193 1894; x_wconf 88' lang='lat' dir='ltr'><strong>Pari</strong></span> <span class='ocrx_word' id='word_1_179' title='bbox 218 1841 319 1892; x_wconf 86' lang='lat' dir='ltr'><strong>ratione</strong></span> <span class='ocrx_word' id='word_1_180' title='bbox 333 1841 432 1892; x_wconf 45' lang='lat' dir='ltr'><strong>*lustum</strong></span> <span class='ocrx_word' id='word_1_181' title='bbox 450 1840 636 1907; x_wconf 84' lang='lat' dir='ltr'><strong>purificationis</strong></span> <span class='ocrx_word' id='word_1_182' title='bbox 648 1839 757 1904; x_wconf 82' lang='lat' dir='ltr'><strong>Mariae,</strong></span> <span class='ocrx_word' id='word_1_183' title='bbox 782 1836 938 1904; x_wconf 75' lang='lat' dir='ltr'><strong>Ynurrniurrp</strong></span> <span class='ocrx_word' id='word_1_184' title='bbox 950 1841 1181 1906; x_wconf 65' lang='lat' dir='ltr'><strong>(translaticium,</strong></span> <span class='ocrx_word' id='word_1_185' title='bbox 1201 1861 1254 1896; x_wconf 88' lang='lat' dir='ltr'><strong>ssu.</strong></span> 
     </span>
     <span class='ocr_line' id='line_1_20' title="bbox 39 1907 1257 1978; baseline 0.002 -16"><span class='ocrx_word' id='word_1_186' title='bbox 39 1929 62 1978; x_wconf 89' lang='lat' dir='ltr'><strong>p.</strong></span> <span class='ocrx_word' id='word_1_187' title='bbox 83 1911 148 1964; x_wconf 87' lang='lat' dir='ltr'><strong>Chr.</strong></span> <span class='ocrx_word' id='word_1_188' title='bbox 171 1909 218 1976; x_wconf 87' lang='lat' dir='ltr'><strong>Vl.</strong></span> <span class='ocrx_word' id='word_1_189' title='bbox 240 1907 358 1963; x_wconf 78' lang='lat' dir='ltr'><strong>Gelonion</strong></span> <span class='ocrx_word' id='word_1_190' title='bbox 382 1926 408 1976; x_wconf 85' lang='lat' dir='ltr'><strong>p.</strong></span> <span class='ocrx_word' id='word_1_191' title='bbox 433 1926 456 1960; x_wconf 92' lang='lat' dir='ltr'><strong>r.</strong></span> <span class='ocrx_word' id='word_1_192' title='bbox 482 1909 515 1960; x_wconf 91' lang='lat' dir='ltr'><strong>ad</strong></span> <span class='ocrx_word' id='word_1_193' title='bbox 540 1909 687 1973; x_wconf 76' lang='lat' dir='ltr'><strong>abrogando</strong></span> <span class='ocrx_word' id='word_1_194' title='bbox 712 1909 876 1976; x_wconf 73' lang='lat' dir='ltr'><strong>Lupercalia,</strong></span> <span class='ocrx_word' id='word_1_195' title='bbox 895 1925 982 1962; x_wconf 87' lang='lat' dir='ltr'><strong>mense</strong></span> <span class='ocrx_word' id='word_1_196' title='bbox 1007 1910 1137 1962; x_wconf 85' lang='lat' dir='ltr'><strong>iebrusrio</strong></span> <span class='ocrx_word' id='word_1_197' title='bbox 1162 1912 1257 1964; x_wconf 79' lang='lat' dir='ltr'><strong>Romae</strong></span> 
     </span>
     <span class='ocr_line' id='line_1_21' title="bbox 41 1977 1259 2046; baseline 0.002 -16"><span class='ocrx_word' id='word_1_198' title='bbox 41 1982 80 2044; x_wconf 73' lang='lat' dir='ltr'><strong>agi</strong></span> <span class='ocrx_word' id='word_1_199' title='bbox 101 1980 197 2041; x_wconf 86' lang='lat' dir='ltr'><strong>solita,</strong></span> <span class='ocrx_word' id='word_1_200' title='bbox 215 1979 323 2041; x_wconf 86' lang='lat' dir='ltr'><strong>invexit,</strong></span> <span class='ocrx_word' id='word_1_201' title='bbox 343 1984 372 2027; x_wconf 91' lang='lat' dir='ltr'><strong>ut</strong></span> <span class='ocrx_word' id='word_1_202' title='bbox 390 1977 498 2044; x_wconf 89' lang='lat' dir='ltr'><strong>populns</strong></span> <span class='ocrx_word' id='word_1_203' title='bbox 519 1992 534 2026; x_wconf 90' lang='lat' dir='ltr'><strong>a</strong></span> <span class='ocrx_word' id='word_1_204' title='bbox 554 1977 651 2028; x_wconf 87' lang='lat' dir='ltr'><strong>iebruis</strong></span> <span class='ocrx_word' id='word_1_205' title='bbox 671 1978 726 2028; x_wconf 88' lang='lat' dir='ltr'><strong>sive</strong></span> <span class='ocrx_word' id='word_1_206' title='bbox 750 1979 947 2030; x_wconf 88' lang='lat' dir='ltr'><strong>lustrationibus</strong></span> <span class='ocrx_word' id='word_1_207' title='bbox 965 1978 1089 2046; x_wconf 81' lang='lat' dir='ltr'><strong>prolenis,</strong></span> <span class='ocrx_word' id='word_1_208' title='bbox 1109 1995 1185 2046; x_wconf 86' lang='lat' dir='ltr'><strong>quae,</strong></span> <span class='ocrx_word' id='word_1_209' title='bbox 1203 1997 1259 2032; x_wconf 84' lang='lat' dir='ltr'><strong>mu-</strong></span> 
     </span>
     <span class='ocr_line' id='line_1_22' title="bbox 41 2041 1258 2117; baseline 0.003 -19"><span class='ocrx_word' id='word_1_210' title='bbox 41 2050 132 2100; x_wconf 89' lang='lat' dir='ltr'><strong>lierum</strong></span> <span class='ocrx_word' id='word_1_211' title='bbox 153 2041 321 2098; x_wconf 74' lang='lat' dir='ltr'><strong>romaneium</strong></span> <span class='ocrx_word' id='word_1_212' title='bbox 339 2046 426 2108; x_wconf 88' lang='lat' dir='ltr'><strong>turba,</strong></span> <span class='ocrx_word' id='word_1_213' title='bbox 447 2059 570 2096; x_wconf 83' lang='lat' dir='ltr'><strong>accensas</strong></span> <span class='ocrx_word' id='word_1_214' title='bbox 588 2046 665 2104; x_wconf 82' lang='lat' dir='ltr'><strong>iaces¹</strong></span> <span class='ocrx_word' id='word_1_215' title='bbox 680 2047 798 2098; x_wconf 85' lang='lat' dir='ltr'><strong>manibus</strong></span> <span class='ocrx_word' id='word_1_216' title='bbox 819 2055 947 2112; x_wconf 74' lang='lat' dir='ltr'><strong>gestante,</strong></span> <span class='ocrx_word' id='word_1_217' title='bbox 967 2048 992 2098; x_wconf 90' lang='lat' dir='ltr'><strong>iu</strong></span> <span class='ocrx_word' id='word_1_218' title='bbox 1008 2048 1155 2100; x_wconf 85' lang='lat' dir='ltr'><strong>memoriam</strong></span> <span class='ocrx_word' id='word_1_219' title='bbox 1168 2057 1258 2117; x_wconf 85' lang='lat' dir='ltr'><strong>raptae</strong></span> 
     </span>
     <span class='ocr_line' id='line_1_23' title="bbox 41 2113 1257 2181; baseline 0.004 -15"><span class='ocrx_word' id='word_1_220' title='bbox 41 2117 190 2168; x_wconf 85' lang='lat' dir='ltr'><strong>sPlutouo</strong></span> <span class='ocrx_word' id='word_1_221' title='bbox 211 2114 382 2181; x_wconf 79' lang='lat' dir='ltr'><strong>Proserpinae</strong></span> <span class='ocrx_word' id='word_1_222' title='bbox 401 2114 502 2180; x_wconf 87' lang='lat' dir='ltr'><strong>publico</strong></span> <span class='ocrx_word' id='word_1_223' title='bbox 529 2113 643 2179; x_wconf 84' lang='lat' dir='ltr'><strong>fiebant,</strong></span> <span class='ocrx_word' id='word_1_224' title='bbox 664 2124 837 2168; x_wconf 42' lang='lat' dir='ltr'><strong>avocaretur*</strong></span> <span class='ocrx_word' id='word_1_225' title='bbox 865 2115 963 2181; x_wconf 78' lang='lat' dir='ltr'><strong>Quibus</strong></span> <span class='ocrx_word' id='word_1_226' title='bbox 980 2117 1069 2167; x_wconf 86' lang='lat' dir='ltr'><strong>iisdem</strong></span> <span class='ocrx_word' id='word_1_227' title='bbox 1087 2116 1257 2171; x_wconf 80' lang='lat' dir='ltr'><strong>homanorum</strong></span> 
     </span>
     <span class='ocr_line' id='line_1_24' title="bbox 41 2183 1259 2254; baseline 0.004 -19"><span class='ocrx_word' id='word_1_228' title='bbox 41 2183 218 2236; x_wconf 84' lang='lat' dir='ltr'><strong>Febrnslibns</strong></span> <span class='ocrx_word' id='word_1_229' title='bbox 236 2183 360 2246; x_wconf 64' lang='lat' dir='ltr'><strong>originem</strong></span> <span class='ocrx_word' id='word_1_230' title='bbox 381 2183 483 2246; x_wconf 89' lang='lat' dir='ltr'><strong>debeat,</strong></span> <span class='ocrx_word' id='word_1_231' title='bbox 503 2197 568 2248; x_wconf 84' lang='lat' dir='ltr'><strong>quae</strong></span> <span class='ocrx_word' id='word_1_232' title='bbox 586 2199 617 2234; x_wconf 90' lang='lat' dir='ltr'><strong>eu</strong></span> <span class='ocrx_word' id='word_1_233' title='bbox 637 2184 679 2234; x_wconf 89' lang='lat' dir='ltr'><strong>die</strong></span> <span class='ocrx_word' id='word_1_234' title='bbox 700 2185 767 2250; x_wconf 85' lang='lat' dir='ltr'><strong>apud</strong></span> <span class='ocrx_word' id='word_1_235' title='bbox 786 2185 935 2236; x_wconf 89' lang='lat' dir='ltr'><strong>Pontibcius</strong></span> <span class='ocrx_word' id='word_1_236' title='bbox 954 2185 1132 2250; x_wconf 83' lang='lat' dir='ltr'><strong>instituantur,</strong></span> <span class='ocrx_word' id='word_1_237' title='bbox 1155 2203 1259 2254; x_wconf 85' lang='lat' dir='ltr'><strong>procss-</strong></span> 
     </span>
     <span class='ocr_line' id='line_1_25' title="bbox 41 2251 1257 2324; baseline 0.004 -21"><span class='ocrx_word' id='word_1_238' title='bbox 41 2255 124 2304; x_wconf 88' lang='lat' dir='ltr'><strong>sioues</strong></span> <span class='ocrx_word' id='word_1_239' title='bbox 144 2253 278 2303; x_wconf 85' lang='lat' dir='ltr'><strong>hominum</strong></span> <span class='ocrx_word' id='word_1_240' title='bbox 305 2265 394 2302; x_wconf 84' lang='lat' dir='ltr'><strong>cereus</strong></span> <span class='ocrx_word' id='word_1_241' title='bbox 417 2251 572 2314; x_wconf 75' lang='lat' dir='ltr'><strong>gustantium</strong></span> <span class='ocrx_word' id='word_1_242' title='bbox 597 2259 624 2302; x_wconf 87' lang='lat' dir='ltr'><strong>st</strong></span> <span class='ocrx_word' id='word_1_243' title='bbox 647 2255 808 2304; x_wconf 83' lang='lat' dir='ltr'><strong>consecratio</strong></span> <span class='ocrx_word' id='word_1_244' title='bbox 835 2253 1018 2318; x_wconf 82' lang='lat' dir='ltr'><strong>candelarum,</strong></span> <span class='ocrx_word' id='word_1_245' title='bbox 1049 2271 1115 2319; x_wconf 83' lang='lat' dir='ltr'><strong>qnae</strong></span> <span class='ocrx_word' id='word_1_246' title='bbox 1136 2257 1257 2324; x_wconf 82' lang='lat' dir='ltr'><strong>deinceps</strong></span> 
     </span>
     <span class='ocr_line' id='line_1_26' title="bbox 41 2319 1258 2386; baseline 0.001 -14"><span class='ocrx_word' id='word_1_247' title='bbox 41 2323 64 2372; x_wconf 92' lang='lat' dir='ltr'><strong>ci</strong></span> <span class='ocrx_word' id='word_1_248' title='bbox 84 2321 136 2373; x_wconf 80' lang='lat' dir='ltr'><strong>di&#39;ei</strong></span> <span class='ocrx_word' id='word_1_249' title='bbox 158 2335 251 2372; x_wconf 88' lang='lat' dir='ltr'><strong>nomeu</strong></span> <span class='ocrx_word' id='word_1_250' title='bbox 272 2319 333 2370; x_wconf 85' lang='lat' dir='ltr'><strong>iusti</strong></span> <span class='ocrx_word' id='word_1_251' title='bbox 355 2319 522 2370; x_wconf 83' lang='lat' dir='ltr'><strong>candelarum</strong></span> <span class='ocrx_word' id='word_1_252' title='bbox 542 2320 719 2385; x_wconf 69' lang='lat' dir='ltr'><strong>(Mcttmessr)</strong></span> <span class='ocrx_word' id='word_1_253' title='bbox 739 2320 867 2386; x_wconf 88' lang='lat' dir='ltr'><strong>imposuit.</strong></span> <span class='ocrx_word' id='word_1_254' title='bbox 887 2319 920 2371; x_wconf 91' lang='lat' dir='ltr'><strong>V.</strong></span> <span class='ocrx_word' id='word_1_255' title='bbox 943 2320 1116 2385; x_wconf 86' lang='lat' dir='ltr'><strong>ldussard,</strong></span> <span class='ocrx_word' id='word_1_256' title='bbox 1144 2326 1181 2372; x_wconf 80' lang='lat' dir='ltr'><strong>tor</strong></span> <span class='ocrx_word' id='word_1_257' title='bbox 1200 2341 1258 2374; x_wconf 77' lang='lat' dir='ltr'><strong>con·</strong></span> 
     </span>
     <span class='ocr_line' id='line_1_27' title="bbox 41 2388 1257 2456; baseline 0.003 -16"><span class='ocrx_word' id='word_1_258' title='bbox 41 2388 160 2456; x_wconf 73' lang='lat' dir='ltr'><strong>saronite&#39;s</strong></span> <span class='ocrx_word' id='word_1_259' title='bbox 184 2389 230 2438; x_wconf 81' lang='lat' dir='ltr'><strong>des</strong></span> <span class='ocrx_word' id='word_1_260' title='bbox 256 2389 407 2438; x_wconf 62' lang='lat' dir='ltr'><strong>carmoniae</strong></span> <span class='ocrx_word' id='word_1_261' title='bbox 433 2388 565 2438; x_wconf 80' lang='lat' dir='ltr'><strong>moderarer</strong></span> <span class='ocrx_word' id='word_1_262' title='bbox 588 2403 649 2436; x_wconf 85' lang='lat' dir='ltr'><strong>auec</strong></span> <span class='ocrx_word' id='word_1_263' title='bbox 676 2389 713 2434; x_wconf 90' lang='lat' dir='ltr'><strong>les</strong></span> <span class='ocrx_word' id='word_1_264' title='bbox 733 2390 883 2450; x_wconf 80' lang='lat' dir='ltr'><strong>oncr&#39;earoes,</strong></span> <span class='ocrx_word' id='word_1_265' title='bbox 907 2389 982 2455; x_wconf 85' lang='lat' dir='ltr'><strong>cbap.</strong></span> <span class='ocrx_word' id='word_1_266' title='bbox 1010 2392 1036 2441; x_wconf 90' lang='lat'><strong>6.</strong></span> <span class='ocrx_word' id='word_1_267' title='bbox 1063 2397 1089 2438; x_wconf 83' lang='lat' dir='ltr'><strong>st</strong></span> <span class='ocrx_word' id='word_1_268' title='bbox 1115 2391 1257 2445; x_wconf 79' lang='lat' dir='ltr'><strong>observati.</strong></span> 
     </span>
     <span class='ocr_line' id='line_1_28' title="bbox 41 2453 1255 2578; baseline 0 -68"><span class='ocrx_word' id='word_1_269' title='bbox 41 2456 551 2578; x_wconf 53' lang='lat' dir='ltr'><strong>{⁸r⁸1,i⁰⁰i·d⁸⁸ssmip&#39;p}⁵‘·⁸dj⁰piptp⁰⁵&#39;</strong></span> <span class='ocrx_word' id='word_1_270' title='bbox 584 2454 656 2576; x_wconf 46' lang='lat' dir='ltr'><strong>stol}</strong></span> <span class='ocrx_word' id='word_1_271' title='bbox 675 2453 801 2505; x_wconf 87' lang='lat' dir='ltr'><strong>Moebii</strong></span> <span class='ocrx_word' id='word_1_272' title='bbox 831 2456 892 2510; x_wconf 85' lang='lat' dir='ltr'><strong>diss.</strong></span> <span class='ocrx_word' id='word_1_273' title='bbox 925 2456 956 2506; x_wconf 86' lang='lat' dir='ltr'><strong>de</strong></span> <span class='ocrx_word' id='word_1_274' title='bbox 981 2459 1155 2524; x_wconf 77' lang='lat' dir='ltr'><strong>Hypopnrtr,</strong></span> <span class='ocrx_word' id='word_1_275' title='bbox 1184 2457 1204 2508; x_wconf 93' lang='lat' dir='ltr'><strong>l.</strong></span> <span class='ocrx_word' id='word_1_276' title='bbox 1223 2459 1255 2510; x_wconf 81' lang='grc' dir='ltr'><strong>Α,</strong></span> 
     </span>
     <span class='ocr_line' id='line_1_29' title="bbox 67 2541 658 2578; baseline -0.008 0"><span class='ocrx_word' id='word_1_277' title='bbox 67 2544 80 2578; x_wconf 80' lang='lat'><strong>0</strong></span> <span class='ocrx_word' id='word_1_278' title='bbox 114 2541 161 2577; x_wconf 82' lang='lat' dir='ltr'><strong>ml</strong></span> <span class='ocrx_word' id='word_1_279' title='bbox 233 2541 303 2574; x_wconf 69' lang='lat' dir='ltr'><strong>roll-i</strong></span> <span class='ocrx_word' id='word_1_280' title='bbox 365 2541 452 2575; x_wconf 75' lang='lat' dir='ltr'><strong>arton.</strong></span> <span class='ocrx_word' id='word_1_281' title='bbox 524 2561 530 2574; x_wconf 87' lang='lat'><strong>.</strong></span> <span class='ocrx_word' id='word_1_282' title='bbox 569 2561 575 2575; x_wconf 90' lang='lat'><strong><em>.</em></strong></span> <span class='ocrx_word' id='word_1_283' title='bbox 652 2559 658 2573; x_wconf 66' lang='lat' dir='ltr'><strong>a</strong></span> 
     </span>
    </p>

    <p class='ocr_par' dir='ltr' id='par_1_5' title="bbox 42 2541 1259 3280">
     <span class='ocr_line' id='line_1_30' title="bbox 111 2541 1258 2660; baseline 0.003 -16"><span class='ocrx_word' id='word_1_284' title='bbox 111 2595 142 2659; x_wconf 78' lang='lat'><strong>*)</strong></span> <span class='ocrx_word' id='word_1_285' title='bbox 164 2593 192 2644; x_wconf 87' lang='lat' dir='ltr'><strong>Si</strong></span> <span class='ocrx_word' id='word_1_286' title='bbox 212 2593 271 2660; x_wconf 81' lang='lat' dir='ltr'><strong>quid</strong></span> <span class='ocrx_word' id='word_1_287' title='bbox 289 2593 415 2652; x_wconf 85' lang='lat' dir='ltr'><strong>videmus,</strong></span> <span class='ocrx_word' id='word_1_288' title='bbox 433 2593 483 2643; x_wconf 86' lang='lat' dir='ltr'><strong>init</strong></span> <span class='ocrx_word' id='word_1_289' title='bbox 500 2541 724 2643; x_wconf 68' lang='lat' dir='ltr'><strong>boopcuntrarinm</strong></span> <span class='ocrx_word' id='word_1_290' title='bbox 751 2591 940 2658; x_wconf 83' lang='lat' dir='ltr'><strong>sapientissimo</strong></span> <span class='ocrx_word' id='word_1_291' title='bbox 968 2590 1015 2642; x_wconf 87' lang='lat' dir='ltr'><strong>llei</strong></span> <span class='ocrx_word' id='word_1_292' title='bbox 1041 2594 1167 2660; x_wconf 90' lang='lat' dir='ltr'><strong>consitio,</strong></span> <span class='ocrx_word' id='word_1_293' title='bbox 1195 2596 1258 2647; x_wconf 87' lang='lat' dir='ltr'><strong>reti·-</strong></span> 
     </span>
     <span class='ocr_line' id='line_1_31' title="bbox 44 2659 1258 2728; baseline 0.002 -14"><span class='ocrx_word' id='word_1_294' title='bbox 44 2665 126 2716; x_wconf 89' lang='lat' dir='ltr'><strong>ceutis</strong></span> <span class='ocrx_word' id='word_1_295' title='bbox 148 2662 216 2713; x_wconf 87' lang='lat' dir='ltr'><strong>diem</strong></span> <span class='ocrx_word' id='word_1_296' title='bbox 238 2661 383 2712; x_wconf 85' lang='lat' dir='ltr'><strong>nativitatis</strong></span> <span class='ocrx_word' id='word_1_297' title='bbox 403 2661 499 2712; x_wconf 84' lang='lat' dir='ltr'><strong>Christi</strong></span> <span class='ocrx_word' id='word_1_298' title='bbox 517 2667 663 2728; x_wconf 86' lang='lat' dir='ltr'><strong>propterea,</strong></span> <span class='ocrx_word' id='word_1_299' title='bbox 685 2676 715 2710; x_wconf 85' lang='lat' dir='ltr'><strong>us</strong></span> <span class='ocrx_word' id='word_1_300' title='bbox 734 2660 760 2710; x_wconf 87' lang='lat' dir='ltr'><strong>in</strong></span> <span class='ocrx_word' id='word_1_301' title='bbox 778 2660 851 2724; x_wconf 71' lang='lat' dir='ltr'><strong>regui</strong></span> <span class='ocrx_word' id='word_1_302' title='bbox 868 2660 925 2725; x_wconf 87' lang='lat' dir='ltr'><strong>ejus</strong></span> <span class='ocrx_word' id='word_1_303' title='bbox 943 2659 1059 2712; x_wconf 77' lang='lat' dir='ltr'><strong>trondem</strong></span> <span class='ocrx_word' id='word_1_304' title='bbox 1077 2671 1258 2716; x_wconf 87' lang='lat' dir='ltr'><strong>sacrosanctos</strong></span> 
     </span>
     <span class='ocr_line' id='line_1_32' title="bbox 44 2729 1257 2800; baseline 0.003 -19"><span class='ocrx_word' id='word_1_305' title='bbox 44 2734 123 2800; x_wconf 75' lang='lat' dir='ltr'><strong>ipsius</strong></span> <span class='ocrx_word' id='word_1_306' title='bbox 142 2730 241 2782; x_wconf 78' lang='lat' dir='ltr'><strong>natulis</strong></span> <span class='ocrx_word' id='word_1_307' title='bbox 261 2730 394 2794; x_wconf 73' lang='lat' dir='ltr'><strong>gentilium</strong></span> <span class='ocrx_word' id='word_1_308' title='bbox 412 2729 554 2796; x_wconf 85' lang='lat' dir='ltr'><strong>principum</strong></span> <span class='ocrx_word' id='word_1_309' title='bbox 573 2729 703 2780; x_wconf 82' lang='lat' dir='ltr'><strong>natalibus</strong></span> <span class='ocrx_word' id='word_1_310' title='bbox 724 2743 772 2796; x_wconf 84' lang='lat' dir='ltr'><strong>par</strong></span> <span class='ocrx_word' id='word_1_311' title='bbox 796 2736 936 2795; x_wconf 85' lang='lat' dir='ltr'><strong>poneretur</strong></span> <span class='ocrx_word' id='word_1_312' title='bbox 961 2736 1007 2780; x_wconf 89' lang='lat' dir='ltr'><strong>aut</strong></span> <span class='ocrx_word' id='word_1_313' title='bbox 1024 2732 1139 2798; x_wconf 84' lang='lat' dir='ltr'><strong>prolenis</strong></span> <span class='ocrx_word' id='word_1_314' title='bbox 1164 2734 1257 2785; x_wconf 86' lang='lat' dir='ltr'><strong>ritibus</strong></span> 
     </span>
     <span class='ocr_line' id='line_1_33' title="bbox 44 2797 1259 2865; baseline 0.002 -13"><span class='ocrx_word' id='word_1_315' title='bbox 44 2802 244 2852; x_wconf 82' lang='lat' dir='ltr'><strong>delorruaretur.</strong></span> <span class='ocrx_word' id='word_1_316' title='bbox 280 2797 427 2862; x_wconf 82' lang='lat' dir='ltr'><strong>Praeclare,</strong></span> <span class='ocrx_word' id='word_1_317' title='bbox 449 2804 478 2848; x_wconf 88' lang='lat' dir='ltr'><strong>ut</strong></span> <span class='ocrx_word' id='word_1_318' title='bbox 493 2797 587 2862; x_wconf 89' lang='lat' dir='ltr'><strong>omniu,</strong></span> <span class='ocrx_word' id='word_1_319' title='bbox 607 2797 729 2862; x_wconf 83' lang='lat' dir='ltr'><strong>ostendit,</strong></span> <span class='ocrx_word' id='word_1_320' title='bbox 749 2799 889 2865; x_wconf 81' lang='lat' dir='ltr'><strong>conprimi</strong></span> <span class='ocrx_word' id='word_1_321' title='bbox 909 2797 1049 2850; x_wconf 88' lang='lat' dir='ltr'><strong>Christiani</strong></span> <span class='ocrx_word' id='word_1_322' title='bbox 1067 2801 1180 2853; x_wconf 85' lang='lat' dir='ltr'><strong>natalem</strong></span> <span class='ocrx_word' id='word_1_323' title='bbox 1198 2801 1259 2854; x_wconf 89' lang='lat' dir='ltr'><strong>Sec·</strong></span> 
     </span>
     <span class='ocr_line' id='line_1_34' title="bbox 43 2863 1259 2934; baseline 0.003 -16"><span class='ocrx_word' id='word_1_324' title='bbox 43 2871 141 2922; x_wconf 79' lang='lat' dir='ltr'><strong>vetoris</strong></span> <span class='ocrx_word' id='word_1_325' title='bbox 162 2863 311 2918; x_wconf 81' lang='lat' dir='ltr'><strong>nostri&#39;non</strong></span> <span class='ocrx_word' id='word_1_326' title='bbox 330 2866 497 2930; x_wconf 87' lang='lat' dir='ltr'><strong>celebrarint,</strong></span> <span class='ocrx_word' id='word_1_327' title='bbox 513 2865 807 2934; x_wconf 71' lang='lat' dir='ltr'><strong>baumgartenius</strong></span> <span class='ocrx_word' id='word_1_328' title='bbox 830 2866 919 2930; x_wconf 74' lang='lat' dir='ltr'><strong>Progr.</strong></span> <span class='ocrx_word' id='word_1_329' title='bbox 940 2869 973 2916; x_wconf 84' lang='lat' dir='ltr'><strong>ate</strong></span> <span class='ocrx_word' id='word_1_330' title='bbox 988 2870 1139 2918; x_wconf 71' lang='lat' dir='ltr'><strong>caunetum</strong></span> <span class='ocrx_word' id='word_1_331' title='bbox 1159 2871 1259 2922; x_wconf 74' lang='lat' dir='ltr'><strong>Christo</strong></span> 
     </span>
     <span class='ocr_line' id='line_1_35' title="bbox 44 2933 1257 3004; baseline 0.002 -18"><span class='ocrx_word' id='word_1_332' title='bbox 44 2948 103 2988; x_wconf 78' lang='lat' dir='ltr'><strong>rato</strong></span> <span class='ocrx_word' id='word_1_333' title='bbox 121 2951 260 2988; x_wconf 65' lang='lat' dir='ltr'><strong>rumorem</strong></span> <span class='ocrx_word' id='word_1_334' title='bbox 279 2935 424 3000; x_wconf 76' lang='lat' dir='ltr'><strong>originibus</strong></span> <span class='ocrx_word' id='word_1_335' title='bbox 440 2940 478 3000; x_wconf 89' lang='lat' dir='ltr'><strong>(p.</strong></span> <span class='ocrx_word' id='word_1_336' title='bbox 497 2938 556 2987; x_wconf 72' lang='lat'><strong>123.</strong></span> <span class='ocrx_word' id='word_1_337' title='bbox 572 2934 674 2985; x_wconf 90' lang='lat' dir='ltr'><strong>collect.</strong></span> <span class='ocrx_word' id='word_1_338' title='bbox 687 2933 777 2998; x_wconf 71' lang='lat' dir='ltr'><strong>Progr.</strong></span> <span class='ocrx_word' id='word_1_339' title='bbox 801 2935 928 2988; x_wconf 78' lang='lat' dir='ltr'><strong>baliau</strong></span> <span class='ocrx_word' id='word_1_340' title='bbox 939 2936 1003 2999; x_wconf 89' lang='lat' dir='ltr'><strong>ae):</strong></span> <span class='ocrx_word' id='word_1_341' title='bbox 1021 2940 1103 3000; x_wconf 73' lang='lat' dir='ltr'><strong>Quom</strong></span> <span class='ocrx_word' id='word_1_342' title='bbox 1116 2939 1257 3004; x_wconf 70' lang='lat' dir='ltr'><strong>principes,</strong></span> 
     </span>
     <span class='ocr_line' id='line_1_36' title="bbox 42 3003 1258 3072; baseline -0.001 -16"><span class='ocrx_word' id='word_1_343' title='bbox 42 3021 119 3070; x_wconf 85' lang='lat' dir='ltr'><strong>penes</strong></span> <span class='ocrx_word' id='word_1_344' title='bbox 139 3021 206 3072; x_wconf 84' lang='lat' dir='ltr'><strong>quos</strong></span> <span class='ocrx_word' id='word_1_345' title='bbox 224 3015 321 3054; x_wconf 70' lang='lat' dir='ltr'><strong>mma</strong></span> <span class='ocrx_word' id='word_1_346' title='bbox 339 3019 426 3052; x_wconf 81' lang='lat' dir='ltr'><strong>rerum</strong></span> <span class='ocrx_word' id='word_1_347' title='bbox 444 3011 501 3050; x_wconf 88' lang='lat' dir='ltr'><strong>erat</strong></span> <span class='ocrx_word' id='word_1_348' title='bbox 517 3003 564 3052; x_wconf 83' lang='lat' dir='ltr'><strong>illo</strong></span> <span class='ocrx_word' id='word_1_349' title='bbox 582 3011 703 3066; x_wconf 80' lang='lat' dir='ltr'><strong>tempore,</strong></span> <span class='ocrx_word' id='word_1_350' title='bbox 721 3003 772 3051; x_wconf 79' lang='lat' dir='ltr'><strong>hoc</strong></span> <span class='ocrx_word' id='word_1_351' title='bbox 780 3006 972 3070; x_wconf 69' lang='lat' dir='ltr'><strong>praerogatam</strong></span> <span class='ocrx_word' id='word_1_352' title='bbox 987 3005 1146 3068; x_wconf 77' lang='lat' dir='ltr'><strong>gauderent,</strong></span> <span class='ocrx_word' id='word_1_353' title='bbox 1165 3014 1195 3053; x_wconf 85' lang='lat' dir='ltr'><strong>ut</strong></span> <span class='ocrx_word' id='word_1_354' title='bbox 1211 3019 1258 3056; x_wconf 82' lang='lat' dir='ltr'><strong>rsa-</strong></span> 
     </span>
     <span class='ocr_line' id='line_1_37' title="bbox 44 3072 1258 3140; baseline 0.002 -18"><span class='ocrx_word' id='word_1_355' title='bbox 44 3077 109 3124; x_wconf 87' lang='lat' dir='ltr'><strong>taler</strong></span> <span class='ocrx_word' id='word_1_356' title='bbox 126 3075 254 3138; x_wconf 76' lang='lat' dir='ltr'><strong>ipsorum,</strong></span> <span class='ocrx_word' id='word_1_357' title='bbox 272 3072 366 3140; x_wconf 81' lang='lat' dir='ltr'><strong>quidus</strong></span> <span class='ocrx_word' id='word_1_358' title='bbox 384 3073 411 3120; x_wconf 87' lang='lat' dir='ltr'><strong>r&#39;n</strong></span> <span class='ocrx_word' id='word_1_359' title='bbox 433 3073 513 3121; x_wconf 79' lang='lat' dir='ltr'><strong>lucere</strong></span> <span class='ocrx_word' id='word_1_360' title='bbox 531 3073 596 3122; x_wconf 78' lang='lat' dir='ltr'><strong>editt</strong></span> <span class='ocrx_word' id='word_1_361' title='bbox 613 3080 638 3122; x_wconf 82' lang='lat' dir='ltr'><strong>et</strong></span> <span class='ocrx_word' id='word_1_362' title='bbox 656 3072 842 3136; x_wconf 69' lang='lat' dir='ltr'><strong>arlo&#39;srpers‘om</strong></span> <span class='ocrx_word' id='word_1_363' title='bbox 869 3073 951 3122; x_wconf 83' lang='lat' dir='ltr'><strong>euecti</strong></span> <span class='ocrx_word' id='word_1_364' title='bbox 970 3072 1094 3137; x_wconf 75' lang='lat' dir='ltr'><strong>fumat,</strong></span> <span class='ocrx_word' id='word_1_365' title='bbox 1118 3073 1223 3138; x_wconf 80' lang='lat' dir='ltr'><strong>publice</strong></span> <span class='ocrx_word' id='word_1_366' title='bbox 1240 3093 1258 3124; x_wconf 84' lang='lat' dir='ltr'><strong>a</strong></span> 
     </span>
     <span class='ocr_line' id='line_1_38' title="bbox 47 3140 1258 3211; baseline 0.001 -18"><span class='ocrx_word' id='word_1_367' title='bbox 47 3144 143 3193; x_wconf 77' lang='lat' dir='ltr'><strong>sinibus</strong></span> <span class='ocrx_word' id='word_1_368' title='bbox 161 3141 355 3190; x_wconf 81' lang='lat' dir='ltr'><strong>celebrarentur</strong></span> <span class='ocrx_word' id='word_1_369' title='bbox 373 3141 486 3207; x_wconf 80' lang='lat' dir='ltr'><strong>annique</strong></span> <span class='ocrx_word' id='word_1_370' title='bbox 504 3140 537 3188; x_wconf 84' lang='lat' dir='ltr'><strong>ob</strong></span> <span class='ocrx_word' id='word_1_371' title='bbox 563 3141 619 3190; x_wconf 82' lang='lat' dir='ltr'><strong>illia</strong></span> <span class='ocrx_word' id='word_1_372' title='bbox 644 3149 856 3190; x_wconf 72' lang='lat' dir='ltr'><strong>numerarentur:</strong></span> <span class='ocrx_word' id='word_1_373' title='bbox 879 3142 961 3206; x_wconf 77' lang='lat' dir='ltr'><strong>priori</strong></span> <span class='ocrx_word' id='word_1_374' title='bbox 985 3141 1141 3208; x_wconf 62' lang='lat' dir='ltr'><strong>amatori,</strong></span> <span class='ocrx_word' id='word_1_375' title='bbox 1165 3145 1258 3211; x_wconf 80' lang='lat' dir='ltr'><strong>quilius</strong></span> 
     </span>
     <span class='ocr_line' id='line_1_39' title="bbox 46 3208 1258 3280; baseline 0.003 -21"><span class='ocrx_word' id='word_1_376' title='bbox 46 3212 145 3261; x_wconf 79' lang='lat' dir='ltr'><strong>rotalis</strong></span> <span class='ocrx_word' id='word_1_377' title='bbox 169 3209 268 3260; x_wconf 72' lang='lat' dir='ltr'><strong>Christi</strong></span> <span class='ocrx_word' id='word_1_378' title='bbox 291 3209 376 3258; x_wconf 78' lang='lat' dir='ltr'><strong>notior</strong></span> <span class='ocrx_word' id='word_1_379' title='bbox 399 3223 454 3258; x_wconf 83' lang='lat' dir='ltr'><strong>esse</strong></span> <span class='ocrx_word' id='word_1_380' title='bbox 477 3208 565 3272; x_wconf 79' lang='lat' dir='ltr'><strong>potuit</strong></span> <span class='ocrx_word' id='word_1_381' title='bbox 593 3216 618 3258; x_wconf 89' lang='lat' dir='ltr'><strong>et</strong></span> <span class='ocrx_word' id='word_1_382' title='bbox 643 3209 737 3258; x_wconf 81' lang='lat' dir='ltr'><strong>certior</strong></span> <span class='ocrx_word' id='word_1_383' title='bbox 752 3211 848 3274; x_wconf 79' lang='lat' dir='ltr'><strong>procul</strong></span> <span class='ocrx_word' id='word_1_384' title='bbox 863 3210 941 3259; x_wconf 77' lang='lat' dir='ltr'><strong>dubio</strong></span> <span class='ocrx_word' id='word_1_385' title='bbox 957 3209 1019 3274; x_wconf 73' lang='lat' dir='ltr'><strong>fuit,</strong></span> <span class='ocrx_word' id='word_1_386' title='bbox 1052 3227 1129 3280; x_wconf 78' lang='lat' dir='ltr'><strong>quoru</strong></span> <span class='ocrx_word' id='word_1_387' title='bbox 1147 3229 1164 3261; x_wconf 84' lang='lat' dir='ltr'><strong>o</strong></span> <span class='ocrx_word' id='word_1_388' title='bbox 1185 3213 1258 3263; x_wconf 72' lang='lat' dir='ltr'><strong>rota</strong></span> 
     </span>
    </p>
   </div>
   <div class='ocr_carea' id='block_1_5' title="bbox 42 3277 1350 3346">
    <p class='ocr_par' dir='ltr' id='par_1_6' title="bbox 42 3277 1350 3346">
     <span class='ocr_line' id='line_1_40' title="bbox 42 3277 1350 3346; baseline 0.002 -18"><span class='ocrx_word' id='word_1_389' title='bbox 42 3281 98 3346; x_wconf 86' lang='lat' dir='ltr'><strong>jorn</strong></span> <span class='ocrx_word' id='word_1_390' title='bbox 116 3279 188 3341; x_wconf 70' lang='lat' dir='ltr'><strong>orani</strong></span> <span class='ocrx_word' id='word_1_391' title='bbox 211 3277 330 3326; x_wconf 79' lang='lat' dir='ltr'><strong>adbibita</strong></span> <span class='ocrx_word' id='word_1_392' title='bbox 349 3291 414 3326; x_wconf 86' lang='lat' dir='ltr'><strong>curo</strong></span> <span class='ocrx_word' id='word_1_393' title='bbox 432 3278 556 3341; x_wconf 79' lang='lat' dir='ltr'><strong>exportari</strong></span> <span class='ocrx_word' id='word_1_394' title='bbox 578 3285 679 3341; x_wconf 80' lang='lat' dir='ltr'><strong>potest,</strong></span> <span class='ocrx_word' id='word_1_395' title='bbox 701 3291 752 3324; x_wconf 80' lang='lat' dir='ltr'><strong>reon</strong></span> <span class='ocrx_word' id='word_1_396' title='bbox 775 3278 831 3326; x_wconf 83' lang='lat' dir='ltr'><strong>sine</strong></span> <span class='ocrx_word' id='word_1_397' title='bbox 855 3279 970 3343; x_wconf 75' lang='lat' dir='ltr'><strong>sapienti</strong></span> <span class='ocrx_word' id='word_1_398' title='bbox 995 3281 1100 3329; x_wconf 79' lang='lat' dir='ltr'><strong>coasilio</strong></span> <span class='ocrx_word' id='word_1_399' title='bbox 1123 3288 1148 3328; x_wconf 85' lang='lat' dir='ltr'><strong>ct</strong></span> <span class='ocrx_word' id='word_1_400' title='bbox 1169 3281 1258 3331; x_wconf 80' lang='lat' dir='ltr'><strong>alicius</strong></span> <span class='ocrx_word' id='word_1_401' title='bbox 1343 3307 1350 3312; x_wconf 96' lang='lat'>·</span> 
     </span>
    </p>
   </div>
   <div class='ocr_carea' id='block_1_6' title="bbox 44 3345 1325 4304">
    <p class='ocr_par' dir='ltr' id='par_1_7' title="bbox 44 3345 1325 4095">
     <span class='ocr_line' id='line_1_41' title="bbox 45 3345 1260 3418; baseline 0.001 -20"><span class='ocrx_word' id='word_1_402' title='bbox 45 3347 212 3412; x_wconf 82' lang='lat' dir='ltr'><strong>providentia</strong></span> <span class='ocrx_word' id='word_1_403' title='bbox 229 3346 281 3394; x_wconf 77' lang='lat' dir='ltr'><strong>riti</strong></span> <span class='ocrx_word' id='word_1_404' title='bbox 297 3353 473 3410; x_wconf 74' lang='lat' dir='ltr'><strong>temperarunt</strong></span> <span class='ocrx_word' id='word_1_405' title='bbox 492 3345 525 3394; x_wconf 79' lang='lat' dir='ltr'><strong>ab</strong></span> <span class='ocrx_word' id='word_1_406' title='bbox 546 3345 859 3413; x_wconf 77' lang='lat' dir='ltr'><strong>ejusnrudi&#39;soltennr‘bos,</strong></span> <span class='ocrx_word' id='word_1_407' title='bbox 884 3363 916 3394; x_wconf 85' lang='lat' dir='ltr'><strong>nr</strong></span> <span class='ocrx_word' id='word_1_408' title='bbox 932 3346 1080 3396; x_wconf 72' lang='lat' dir='ltr'><strong>seditabnem</strong></span> <span class='ocrx_word' id='word_1_409' title='bbox 1099 3363 1260 3418; x_wconf 71' lang='lat' dir='ltr'><strong>regnumque</strong></span> 
     </span>
     <span class='ocr_line' id='line_1_42' title="bbox 44 3413 1286 3480; baseline 0 -14"><span class='ocrx_word' id='word_1_410' title='bbox 44 3417 179 3480; x_wconf 78' lang='lat' dir='ltr'><strong>peculiare</strong></span> <span class='ocrx_word' id='word_1_411' title='bbox 196 3414 318 3462; x_wconf 80' lang='lat' dir='ltr'><strong>meditari</strong></span> <span class='ocrx_word' id='word_1_412' title='bbox 340 3422 501 3478; x_wconf 81' lang='lat' dir='ltr'><strong>putarentur·</strong></span> <span class='ocrx_word' id='word_1_413' title='bbox 517 3413 682 3480; x_wconf 74' lang='lat' dir='ltr'><strong>hostibusque</strong></span> <span class='ocrx_word' id='word_1_414' title='bbox 693 3414 906 3476; x_wconf 79' lang='lat' dir='ltr'><strong>suspicacissr&#39;mr&#39;e</strong></span> <span class='ocrx_word' id='word_1_415' title='bbox 923 3415 1099 3464; x_wconf 80' lang='lat' dir='ltr'><strong>atrocissimae</strong></span> <span class='ocrx_word' id='word_1_416' title='bbox 1114 3419 1260 3466; x_wconf 65' lang='lat' dir='ltr'><strong>submotae</strong></span> <span class='ocrx_word' id='word_1_417' title='bbox 1283 3417 1286 3422; x_wconf 88' lang='grc'><strong>’</strong></span> 
     </span>
     <span class='ocr_line' id='line_1_43' title="bbox 49 3480 1259 3549; baseline 0.002 -19"><span class='ocrx_word' id='word_1_418' title='bbox 49 3484 205 3546; x_wconf 75' lang='lat' dir='ltr'><strong>rebellionis,</strong></span> <span class='ocrx_word' id='word_1_419' title='bbox 226 3499 304 3549; x_wconf 77' lang='lat' dir='ltr'><strong>quarn</strong></span> <span class='ocrx_word' id='word_1_420' title='bbox 321 3483 482 3544; x_wconf 77' lang='lat' dir='ltr'><strong>molirentur,</strong></span> <span class='ocrx_word' id='word_1_421' title='bbox 501 3483 544 3530; x_wconf 82' lang='lat' dir='ltr'><strong>uel</strong></span> <span class='ocrx_word' id='word_1_422' title='bbox 561 3481 713 3532; x_wconf 73' lang='lat' dir='ltr'><strong>teonrioam</strong></span> <span class='ocrx_word' id='word_1_423' title='bbox 733 3481 790 3528; x_wconf 86' lang='lat' dir='ltr'><strong>ueri</strong></span> <span class='ocrx_word' id='word_1_424' title='bbox 807 3480 914 3544; x_wconf 82' lang='lat' dir='ltr'><strong>aperiero</strong></span> <span class='ocrx_word' id='word_1_425' title='bbox 933 3481 1108 3534; x_wconf 59' lang='lat' dir='ltr'><strong>resultarent.</strong></span> <span class='ocrx_word' id='word_1_426' title='bbox 1133 3481 1259 3535; x_wconf 82' lang='lat' dir='ltr'><strong>luduebttt</strong></span> 
     </span>
     <span class='ocr_line' id='line_1_44' title="bbox 51 3547 1325 3616; baseline 0.002 -16"><span class='ocrx_word' id='word_1_427' title='bbox 51 3553 124 3603; x_wconf 88' lang='lat' dir='ltr'><strong>etiarn</strong></span> <span class='ocrx_word' id='word_1_428' title='bbox 150 3567 182 3602; x_wconf 91' lang='lat' dir='ltr'><strong>eo</strong></span> <span class='ocrx_word' id='word_1_429' title='bbox 211 3556 327 3616; x_wconf 86' lang='lat' dir='ltr'><strong>tempore</strong></span> <span class='ocrx_word' id='word_1_430' title='bbox 353 3550 505 3600; x_wconf 89' lang='lat' dir='ltr'><strong>vocabulum</strong></span> <span class='ocrx_word' id='word_1_431' title='bbox 530 3551 630 3598; x_wconf 82' lang='lat' dir='ltr'><strong>ortulis</strong></span> <span class='ocrx_word' id='word_1_432' title='bbox 656 3548 786 3598; x_wconf 89' lang='lat' dir='ltr'><strong>ethnicum</strong></span> <span class='ocrx_word' id='word_1_433' title='bbox 812 3555 839 3597; x_wconf 82' lang='lat' dir='ltr'><strong>ct</strong></span> <span class='ocrx_word' id='word_1_434' title='bbox 868 3547 948 3598; x_wconf 91' lang='lat' dir='ltr'><strong>multu</strong></span> <span class='ocrx_word' id='word_1_435' title='bbox 971 3549 1050 3600; x_wconf 85' lang='lat' dir='ltr'><strong>aliurn</strong></span> <span class='ocrx_word' id='word_1_436' title='bbox 1075 3550 1257 3616; x_wconf 75' lang='lat' dir='ltr'><strong>significatum,</strong></span> <span class='ocrx_word' id='word_1_437' title='bbox 1317 3557 1325 3568; x_wconf 84' lang='lat'><strong>&#39;</strong></span> 
     </span>
     <span class='ocr_line' id='line_1_45' title="bbox 49 3616 1259 3686; baseline 0.001 -16"><span class='ocrx_word' id='word_1_438' title='bbox 49 3635 121 3684; x_wconf 85' lang='lat' dir='ltr'><strong>quam</strong></span> <span class='ocrx_word' id='word_1_439' title='bbox 141 3625 220 3672; x_wconf 85' lang='lat' dir='ltr'><strong>antea</strong></span> <span class='ocrx_word' id='word_1_440' title='bbox 239 3619 264 3668; x_wconf 92' lang='lat' dir='ltr'><strong>in</strong></span> <span class='ocrx_word' id='word_1_441' title='bbox 284 3618 396 3670; x_wconf 88' lang='lat' dir='ltr'><strong>ecclesia</strong></span> <span class='ocrx_word' id='word_1_442' title='bbox 413 3619 549 3669; x_wconf 90' lang='lat' dir='ltr'><strong>babuerat.</strong></span> <span class='ocrx_word' id='word_1_443' title='bbox 575 3616 708 3668; x_wconf 87' lang='lat' dir='ltr'><strong>Vocabulo</strong></span> <span class='ocrx_word' id='word_1_444' title='bbox 728 3617 795 3670; x_wconf 86' lang='lat' dir='ltr'><strong>enirn</strong></span> <span class='ocrx_word' id='word_1_445' title='bbox 815 3616 841 3667; x_wconf 87' lang='lat' dir='ltr'><strong>iu</strong></span> <span class='ocrx_word' id='word_1_446' title='bbox 860 3616 972 3670; x_wconf 85' lang='lat' dir='ltr'><strong>ecclesio</strong></span> <span class='ocrx_word' id='word_1_447' title='bbox 992 3618 1031 3668; x_wconf 89' lang='lat' dir='ltr'><strong>vis</strong></span> <span class='ocrx_word' id='word_1_448' title='bbox 1050 3625 1259 3686; x_wconf 72' lang='lat' dir='ltr'><strong>aequepotentes</strong></span> 
     </span>
     <span class='ocr_line' id='line_1_46' title="bbox 51 3686 1259 3754; baseline 0.003 -16"><span class='ocrx_word' id='word_1_449' title='bbox 51 3689 165 3754; x_wconf 87' lang='lat' dir='ltr'><strong>subjectu</strong></span> <span class='ocrx_word' id='word_1_450' title='bbox 184 3693 243 3738; x_wconf 88' lang='lat' dir='ltr'><strong>erat</strong></span> <span class='ocrx_word' id='word_1_451' title='bbox 262 3701 303 3749; x_wconf 89' lang='lat' dir='ltr'><strong>eu,</strong></span> <span class='ocrx_word' id='word_1_452' title='bbox 326 3701 376 3753; x_wconf 87' lang='lat' dir='ltr'><strong>qua</strong></span> <span class='ocrx_word' id='word_1_453' title='bbox 397 3687 505 3740; x_wconf 86' lang='lat' dir='ltr'><strong>notabat</strong></span> <span class='ocrx_word' id='word_1_454' title='bbox 521 3687 587 3737; x_wconf 88' lang='lat' dir='ltr'><strong>diem</strong></span> <span class='ocrx_word' id='word_1_455' title='bbox 603 3701 663 3750; x_wconf 88' lang='lat' dir='ltr'><strong>uun,</strong></span> <span class='ocrx_word' id='word_1_456' title='bbox 683 3701 732 3752; x_wconf 89' lang='lat' dir='ltr'><strong>quo</strong></span> <span class='ocrx_word' id='word_1_457' title='bbox 752 3691 846 3750; x_wconf 86' lang='lat' dir='ltr'><strong>natus,</strong></span> <span class='ocrx_word' id='word_1_458' title='bbox 866 3686 911 3736; x_wconf 87' lang='lat' dir='ltr'><strong>sed</strong></span> <span class='ocrx_word' id='word_1_459' title='bbox 929 3701 979 3752; x_wconf 84' lang='lat' dir='ltr'><strong>qno</strong></span> <span class='ocrx_word' id='word_1_460' title='bbox 999 3687 1108 3738; x_wconf 87' lang='lat' dir='ltr'><strong>deuotus</strong></span> <span class='ocrx_word' id='word_1_461' title='bbox 1128 3695 1155 3738; x_wconf 88' lang='lat' dir='ltr'><strong>et</strong></span> <span class='ocrx_word' id='word_1_462' title='bbox 1170 3689 1259 3741; x_wconf 84' lang='lat' dir='ltr'><strong>melio-</strong></span> 
     </span>
     <span class='ocr_line' id='line_1_47' title="bbox 49 3753 1260 3827; baseline 0.004 -21"><span class='ocrx_word' id='word_1_463' title='bbox 49 3771 98 3808; x_wconf 88' lang='lat' dir='ltr'><strong>rem</strong></span> <span class='ocrx_word' id='word_1_464' title='bbox 118 3757 151 3807; x_wconf 86' lang='lat' dir='ltr'><strong>ad</strong></span> <span class='ocrx_word' id='word_1_465' title='bbox 182 3756 279 3820; x_wconf 83' lang='lat' dir='ltr'><strong>vitatu,</strong></span> <span class='ocrx_word' id='word_1_466' title='bbox 301 3770 366 3821; x_wconf 84' lang='lat' dir='ltr'><strong>quae</strong></span> <span class='ocrx_word' id='word_1_467' title='bbox 383 3771 447 3806; x_wconf 87' lang='lat' dir='ltr'><strong>vera</strong></span> <span class='ocrx_word' id='word_1_468' title='bbox 464 3755 519 3806; x_wconf 86' lang='lat' dir='ltr'><strong>vita</strong></span> <span class='ocrx_word' id='word_1_469' title='bbox 538 3761 597 3820; x_wconf 85' lang='lat' dir='ltr'><strong>est,</strong></span> <span class='ocrx_word' id='word_1_470' title='bbox 625 3761 732 3806; x_wconf 87' lang='lat' dir='ltr'><strong>renatus</strong></span> <span class='ocrx_word' id='word_1_471' title='bbox 757 3753 920 3806; x_wconf 85' lang='lat' dir='ltr'><strong>Christianus</strong></span> <span class='ocrx_word' id='word_1_472' title='bbox 951 3755 1045 3807; x_wconf 86' lang='lat' dir='ltr'><strong>iuerat.</strong></span> <span class='ocrx_word' id='word_1_473' title='bbox 1082 3754 1136 3806; x_wconf 84' lang='lat' dir='ltr'><strong>cn.</strong></span> <span class='ocrx_word' id='word_1_474' title='bbox 1163 3757 1260 3827; x_wconf 87' lang='lat' dir='ltr'><strong>Casp.</strong></span> 
     </span>
     <span class='ocr_line' id='line_1_48' title="bbox 51 3824 1259 3890; baseline 0.005 -15"><span class='ocrx_word' id='word_1_475' title='bbox 51 3824 275 3888; x_wconf 77' lang='lat' dir='ltr'><strong>Sagittarius</strong></span> <span class='ocrx_word' id='word_1_476' title='bbox 291 3825 324 3872; x_wconf 79' lang='lat' dir='ltr'><strong>de</strong></span> <span class='ocrx_word' id='word_1_477' title='bbox 340 3825 471 3886; x_wconf 70' lang='lat' dir='ltr'><strong>malitiis</strong></span> <span class='ocrx_word' id='word_1_478' title='bbox 488 3831 637 3890; x_wconf 72' lang='lat' dir='ltr'><strong>manyrom.</strong></span> <span class='ocrx_word' id='word_1_479' title='bbox 673 3824 808 3873; x_wconf 80' lang='lat' dir='ltr'><strong>Notatitr&#39;o</strong></span> <span class='ocrx_word' id='word_1_480' title='bbox 835 3824 1010 3890; x_wconf 76' lang='lat' dir='ltr'><strong>episcoporum</strong></span> <span class='ocrx_word' id='word_1_481' title='bbox 1039 3824 1192 3879; x_wconf 87' lang='lat' dir='ltr'><strong>dicebantur</strong></span> <span class='ocrx_word' id='word_1_482' title='bbox 1220 3829 1259 3880; x_wconf 89' lang='lat' dir='ltr'><strong>illi</strong></span> 
     </span>
     <span class='ocr_line' id='line_1_49' title="bbox 51 3892 1261 3960; baseline 0.005 -18"><span class='ocrx_word' id='word_1_483' title='bbox 51 3893 111 3955; x_wconf 85' lang='lat' dir='ltr'><strong>dies,</strong></span> <span class='ocrx_word' id='word_1_484' title='bbox 131 3892 226 3960; x_wconf 85' lang='lat' dir='ltr'><strong>quibus</strong></span> <span class='ocrx_word' id='word_1_485' title='bbox 245 3892 395 3943; x_wconf 85' lang='lat' dir='ltr'><strong>cathedram</strong></span> <span class='ocrx_word' id='word_1_486' title='bbox 413 3899 577 3958; x_wconf 79' lang='lat' dir='ltr'><strong>acceperuut,</strong></span> <span class='ocrx_word' id='word_1_487' title='bbox 596 3892 619 3942; x_wconf 88' lang='lat' dir='ltr'><strong>si</strong></span> <span class='ocrx_word' id='word_1_488' title='bbox 636 3906 738 3943; x_wconf 88' lang='lat' dir='ltr'><strong>sacrum</strong></span> <span class='ocrx_word' id='word_1_489' title='bbox 756 3907 848 3943; x_wconf 86' lang='lat' dir='ltr'><strong>munos</strong></span> <span class='ocrx_word' id='word_1_490' title='bbox 874 3893 1002 3958; x_wconf 84' lang='lat' dir='ltr'><strong>auspicati</strong></span> <span class='ocrx_word' id='word_1_491' title='bbox 1019 3892 1132 3946; x_wconf 86' lang='lat' dir='ltr'><strong>inerant.</strong></span> <span class='ocrx_word' id='word_1_492' title='bbox 1152 3899 1261 3948; x_wconf 82' lang='lat' dir='ltr'><strong>Natalis</strong></span> 
     </span>
     <span class='ocr_line' id='line_1_50' title="bbox 51 3959 1257 4028; baseline 0.006 -19"><span class='ocrx_word' id='word_1_493' title='bbox 51 3963 137 4012; x_wconf 69' lang='lat' dir='ltr'><strong>rodeis</strong></span> <span class='ocrx_word' id='word_1_494' title='bbox 156 3960 339 4028; x_wconf 83' lang='lat' dir='ltr'><strong>appellabatur</strong></span> <span class='ocrx_word' id='word_1_495' title='bbox 363 3961 417 4011; x_wconf 89' lang='lat' dir='ltr'><strong>diss</strong></span> <span class='ocrx_word' id='word_1_496' title='bbox 435 3959 572 4023; x_wconf 87' lang='lat' dir='ltr'><strong>Viridium,</strong></span> <span class='ocrx_word' id='word_1_497' title='bbox 590 3961 651 4026; x_wconf 86' lang='lat' dir='ltr'><strong>quia</strong></span> <span class='ocrx_word' id='word_1_498' title='bbox 669 3975 699 4010; x_wconf 90' lang='lat' dir='ltr'><strong>eu</strong></span> <span class='ocrx_word' id='word_1_499' title='bbox 719 3961 760 4012; x_wconf 87' lang='lat' dir='ltr'><strong>die</strong></span> <span class='ocrx_word' id='word_1_500' title='bbox 781 3967 857 4012; x_wconf 90' lang='lat' dir='ltr'><strong>natus</strong></span> <span class='ocrx_word' id='word_1_501' title='bbox 869 3973 915 4012; x_wconf 91' lang='lat' dir='ltr'><strong>seu</strong></span> <span class='ocrx_word' id='word_1_502' title='bbox 927 3961 1061 4014; x_wconf 87' lang='lat' dir='ltr'><strong>institutus</strong></span> <span class='ocrx_word' id='word_1_503' title='bbox 1075 3964 1144 4016; x_wconf 83' lang='lat' dir='ltr'><strong>colia</strong></span> <span class='ocrx_word' id='word_1_504' title='bbox 1163 3965 1257 4019; x_wconf 84' lang='lat' dir='ltr'><strong>iuerat.</strong></span> 
     </span>
     <span class='ocr_line' id='line_1_51' title="bbox 51 4027 1273 4095; baseline 0.002 -16"><span class='ocrx_word' id='word_1_505' title='bbox 51 4029 102 4080; x_wconf 84' lang='lat' dir='ltr'><strong>Cir.</strong></span> <span class='ocrx_word' id='word_1_506' title='bbox 122 4029 148 4081; x_wconf 83' lang='lat' dir='ltr'><strong>l.</strong></span> <span class='ocrx_word' id='word_1_507' title='bbox 170 4027 294 4081; x_wconf 84' lang='lat' dir='ltr'><strong>llildcb</strong></span> <span class='ocrx_word' id='word_1_508' title='bbox 305 4029 406 4084; x_wconf 85' lang='lat' dir='ltr'><strong>randi</strong></span> <span class='ocrx_word' id='word_1_509' title='bbox 424 4027 473 4084; x_wconf 71' lang='lat' dir='ltr'><strong>Tr,</strong></span> <span class='ocrx_word' id='word_1_510' title='bbox 491 4029 523 4077; x_wconf 82' lang='lat' dir='ltr'><strong>de</strong></span> <span class='ocrx_word' id='word_1_511' title='bbox 540 4029 646 4083; x_wconf 81' lang='lat' dir='ltr'><strong>natulis.</strong></span> <span class='ocrx_word' id='word_1_512' title='bbox 667 4037 781 4078; x_wconf 79' lang='lat' dir='ltr'><strong>ueterum</strong></span> <span class='ocrx_word' id='word_1_513' title='bbox 799 4045 867 4082; x_wconf 85' lang='lat' dir='ltr'><strong>surr.</strong></span> <span class='ocrx_word' id='word_1_514' title='bbox 886 4037 910 4077; x_wconf 80' lang='lat' dir='ltr'><strong>et</strong></span> <span class='ocrx_word' id='word_1_515' title='bbox 925 4029 1058 4095; x_wconf 71' lang='lat' dir='ltr'><strong>profanis.</strong></span> <span class='ocrx_word' id='word_1_516' title='bbox 1267 4043 1273 4046; x_wconf 82' lang='lat'>·</span> 
     </span>
    </p>

    <p class='ocr_par' dir='ltr' id='par_1_8' title="bbox 51 4095 1261 4304">
     <span class='ocr_line' id='line_1_52' title="bbox 114 4095 1261 4166; baseline 0 -16"><span class='ocrx_word' id='word_1_517' title='bbox 114 4099 162 4166; x_wconf 61' lang='lat' dir='ltr'><strong>tl)</strong></span> <span class='ocrx_word' id='word_1_518' title='bbox 183 4097 240 4150; x_wconf 87' lang='lat' dir='ltr'><strong>lluc</strong></span> <span class='ocrx_word' id='word_1_519' title='bbox 261 4097 371 4148; x_wconf 86' lang='lat' dir='ltr'><strong>animum</strong></span> <span class='ocrx_word' id='word_1_520' title='bbox 393 4095 511 4148; x_wconf 83' lang='lat' dir='ltr'><strong>advertat</strong></span> <span class='ocrx_word' id='word_1_521' title='bbox 530 4103 557 4146; x_wconf 87' lang='lat' dir='ltr'><strong>et</strong></span> <span class='ocrx_word' id='word_1_522' title='bbox 576 4096 665 4148; x_wconf 82' lang='lat' dir='ltr'><strong>videat</strong></span> <span class='ocrx_word' id='word_1_523' title='bbox 684 4095 773 4148; x_wconf 88' lang='lat' dir='ltr'><strong>Phil.</strong></span> <span class='ocrx_word' id='word_1_524' title='bbox 794 4111 810 4148; x_wconf 84' lang='lat' dir='ltr'><strong>a</strong></span> <span class='ocrx_word' id='word_1_525' title='bbox 830 4095 957 4162; x_wconf 78' lang='lat' dir='ltr'><strong>Turre,</strong></span> <span class='ocrx_word' id='word_1_526' title='bbox 980 4099 1023 4166; x_wconf 85' lang='lat' dir='ltr'><strong>qul</strong></span> <span class='ocrx_word' id='word_1_527' title='bbox 1043 4097 1069 4150; x_wconf 91' lang='lat' dir='ltr'><strong>in</strong></span> <span class='ocrx_word' id='word_1_528' title='bbox 1095 4101 1261 4152; x_wconf 82' lang='lat' dir='ltr'><strong>monumentis</strong></span> 
     </span>
     <span class='ocr_line' id='line_1_53' title="bbox 51 4164 1261 4232; baseline 0.003 -16"><span class='ocrx_word' id='word_1_529' title='bbox 51 4176 97 4224; x_wconf 81' lang='lat' dir='ltr'><strong>oet.</strong></span> <span class='ocrx_word' id='word_1_530' title='bbox 122 4167 206 4220; x_wconf 77' lang='lat' dir='ltr'><strong>Antii</strong></span> <span class='ocrx_word' id='word_1_531' title='bbox 231 4164 261 4217; x_wconf 88' lang='lat' dir='ltr'><strong>P.</strong></span> <span class='ocrx_word' id='word_1_532' title='bbox 287 4165 320 4216; x_wconf 89' lang='lat' dir='ltr'><strong>lt.</strong></span> <span class='ocrx_word' id='word_1_533' title='bbox 347 4181 371 4216; x_wconf 84' lang='lat' dir='ltr'><strong>c.</strong></span> <span class='ocrx_word' id='word_1_534' title='bbox 395 4168 422 4221; x_wconf 85' lang='lat'><strong>6.</strong></span> <span class='ocrx_word' id='word_1_535' title='bbox 448 4165 563 4232; x_wconf 84' lang='lat' dir='ltr'><strong>quaerit,</strong></span> <span class='ocrx_word' id='word_1_536' title='bbox 598 4179 630 4216; x_wconf 90' lang='lat' dir='ltr'><strong>an</strong></span> <span class='ocrx_word' id='word_1_537' title='bbox 655 4165 778 4216; x_wconf 86' lang='lat' dir='ltr'><strong>nativitas</strong></span> <span class='ocrx_word' id='word_1_538' title='bbox 805 4164 901 4226; x_wconf 85' lang='lat' dir='ltr'><strong>Christi</strong></span> <span class='ocrx_word' id='word_1_539' title='bbox 921 4166 947 4218; x_wconf 90' lang='lat' dir='ltr'><strong>iu</strong></span> <span class='ocrx_word' id='word_1_540' title='bbox 966 4169 1079 4222; x_wconf 85' lang='lat' dir='ltr'><strong>natatem</strong></span> <span class='ocrx_word' id='word_1_541' title='bbox 1097 4167 1208 4222; x_wconf 86' lang='lat' dir='ltr'><strong>Mithrae</strong></span> <span class='ocrx_word' id='word_1_542' title='bbox 1226 4170 1261 4220; x_wconf 89' lang='lat' dir='ltr'><strong>sit</strong></span> 
     </span>
     <span class='ocr_line' id='line_1_54' title="bbox 52 4233 1261 4304; baseline 0.003 -20"><span class='ocrx_word' id='word_1_543' title='bbox 52 4233 199 4289; x_wconf 78' lang='lat' dir='ltr'><strong>translata?</strong></span> <span class='ocrx_word' id='word_1_544' title='bbox 219 4234 285 4304; x_wconf 81' lang='lat' dir='ltr'><strong>quod</strong></span> <span class='ocrx_word' id='word_1_545' title='bbox 303 4241 389 4298; x_wconf 78' lang='lat' dir='ltr'><strong>negat,</strong></span> <span class='ocrx_word' id='word_1_546' title='bbox 412 4234 508 4285; x_wconf 84' lang='lat' dir='ltr'><strong>lactum</strong></span> <span class='ocrx_word' id='word_1_547' title='bbox 527 4248 598 4286; x_wconf 89' lang='lat' dir='ltr'><strong>esso:</strong></span> <span class='ocrx_word' id='word_1_548' title='bbox 617 4249 744 4300; x_wconf 83' lang='lat' dir='ltr'><strong>quumque</strong></span> <span class='ocrx_word' id='word_1_549' title='bbox 763 4234 870 4298; x_wconf 87' lang='lat' dir='ltr'><strong>credat,</strong></span> <span class='ocrx_word' id='word_1_550' title='bbox 898 4234 930 4285; x_wconf 87' lang='lat' dir='ltr'><strong>ab</strong></span> <span class='ocrx_word' id='word_1_551' title='bbox 955 4235 1028 4288; x_wconf 90' lang='lat' dir='ltr'><strong>initio</strong></span> <span class='ocrx_word' id='word_1_552' title='bbox 1053 4236 1166 4291; x_wconf 84' lang='lat' dir='ltr'><strong>civitatis</strong></span> <span class='ocrx_word' id='word_1_553' title='bbox 1193 4239 1261 4290; x_wconf 90' lang='lat' dir='ltr'><strong>obri·</strong></span> 
     </span>
    </p>
   </div>
   <div class='ocr_carea' id='block_1_7' title="bbox 52 4300 1344 4370">
    <p class='ocr_par' dir='ltr' id='par_1_9' title="bbox 52 4300 1344 4370">
     <span class='ocr_line' id='line_1_55' title="bbox 52 4300 1344 4370; baseline 0.002 -17"><span class='ocrx_word' id='word_1_554' title='bbox 52 4305 150 4358; x_wconf 82' lang='lat' dir='ltr'><strong>stiones</strong></span> <span class='ocrx_word' id='word_1_555' title='bbox 169 4307 196 4360; x_wconf 80' lang='grc'><strong>8.</strong></span> <span class='ocrx_word' id='word_1_556' title='bbox 217 4304 271 4356; x_wconf 85' lang='lat' dir='ltr'><strong>kal.</strong></span> <span class='ocrx_word' id='word_1_557' title='bbox 288 4301 345 4367; x_wconf 85' lang='lat' dir='ltr'><strong>jan.</strong></span> <span class='ocrx_word' id='word_1_558' title='bbox 366 4303 480 4354; x_wconf 88' lang='lat' dir='ltr'><strong>sollenne</strong></span> <span class='ocrx_word' id='word_1_559' title='bbox 498 4301 578 4354; x_wconf 88' lang='lat' dir='ltr'><strong>luisse</strong></span> <span class='ocrx_word' id='word_1_560' title='bbox 598 4303 651 4353; x_wconf 89' lang='lat' dir='ltr'><strong>nuti</strong></span> <span class='ocrx_word' id='word_1_561' title='bbox 679 4318 711 4353; x_wconf 82' lang='lat' dir='ltr'><strong>cx</strong></span> <span class='ocrx_word' id='word_1_562' title='bbox 729 4300 813 4353; x_wconf 84' lang='lat' dir='ltr'><strong>Maria</strong></span> <span class='ocrx_word' id='word_1_563' title='bbox 839 4301 1001 4370; x_wconf 86' lang='lat' dir='ltr'><strong>Servutnris,</strong></span> <span class='ocrx_word' id='word_1_564' title='bbox 1027 4305 1129 4356; x_wconf 83' lang='lat' dir='ltr'><strong>diabolo</strong></span> <span class='ocrx_word' id='word_1_565' title='bbox 1154 4313 1260 4358; x_wconf 83' lang='lat' dir='ltr'><strong>anctore</strong></span> <span class='ocrx_word' id='word_1_566' title='bbox 1341 4319 1344 4326; x_wconf 94' lang='lat'>·</span> 
     </span>
    </p>
   </div>
   <div class='ocr_carea' id='block_1_8' title="bbox 53 4369 1260 4498">
    <p class='ocr_par' dir='ltr' id='par_1_10' title="bbox 53 4369 1260 4498">
     <span class='ocr_line' id='line_1_56' title="bbox 53 4369 1260 4439; baseline 0.002 -17"><span class='ocrx_word' id='word_1_567' title='bbox 53 4371 145 4426; x_wconf 84' lang='lat' dir='ltr'><strong>tactum</strong></span> <span class='ocrx_word' id='word_1_568' title='bbox 164 4387 234 4438; x_wconf 87' lang='lat' dir='ltr'><strong>esse,</strong></span> <span class='ocrx_word' id='word_1_569' title='bbox 251 4371 316 4422; x_wconf 89' lang='lat' dir='ltr'><strong>sutis</strong></span> <span class='ocrx_word' id='word_1_570' title='bbox 335 4371 596 4439; x_wconf 82' lang='lat' dir='ltr'><strong>immaturejudicat,</strong></span> <span class='ocrx_word' id='word_1_571' title='bbox 615 4377 644 4423; x_wconf 87' lang='lat' dir='ltr'><strong>ot</strong></span> <span class='ocrx_word' id='word_1_572' title='bbox 664 4369 775 4425; x_wconf 87' lang='lat' dir='ltr'><strong>blitbrae</strong></span> <span class='ocrx_word' id='word_1_573' title='bbox 793 4369 942 4438; x_wconf 86' lang='lat' dir='ltr'><strong>turpissima</strong></span> <span class='ocrx_word' id='word_1_574' title='bbox 960 4387 1037 4426; x_wconf 84' lang='lat' dir='ltr'><strong>sacra</strong></span> <span class='ocrx_word' id='word_1_575' title='bbox 1055 4373 1081 4424; x_wconf 92' lang='lat' dir='ltr'><strong>iu</strong></span> <span class='ocrx_word' id='word_1_576' title='bbox 1101 4373 1168 4428; x_wconf 63' lang='lat' dir='ltr'><strong>marn</strong></span> <span class='ocrx_word' id='word_1_577' title='bbox 1187 4373 1260 4426; x_wconf 85' lang='lat' dir='ltr'><strong>Chri·</strong></span> 
     </span>
     <span class='ocr_line' id='line_1_57' title="bbox 54 4439 1246 4498; baseline -0.003 -6"><span class='ocrx_word' id='word_1_578' title='bbox 54 4442 139 4498; x_wconf 72' lang='lat' dir='ltr'><strong>suauis</strong></span> <span class='ocrx_word' id='word_1_579' title='bbox 160 4441 281 4498; x_wconf 76' lang='lat' dir='ltr'><strong>sanetum</strong></span> <span class='ocrx_word' id='word_1_580' title='bbox 297 4439 512 4495; x_wconf 83' lang='lat' dir='ltr'><strong>transferrentur.</strong></span> <span class='ocrx_word' id='word_1_581' title='bbox 1087 4467 1090 4476; x_wconf 87' lang='lat'><em>·</em></span> <span class='ocrx_word' id='word_1_582' title='bbox 1242 4465 1246 4472; x_wconf 89' lang='lat'><strong>·</strong></span> 
     </span>
    </p>
   </div>
   <div class='ocr_carea' id='block_1_9' title="bbox 0 0 1484 4904">
    <p class='ocr_par' dir='ltr' id='par_1_11' title="bbox 0 0 1484 4904">
     <span class='ocr_line' id='line_1_58' title="bbox 0 0 1484 4904; baseline 0 0"><span class='ocrx_word' id='word_1_583' title='bbox 0 0 1484 4904; x_wconf 95' lang='lat' dir='ltr'><strong> </strong></span> 
     </span>
    </p>
   </div>
  </div>
 </body>
</html>
