2944 4904
534 723 541 730 ·
586 698 664 785 lV.

61 899 139 1034 lob.
174 946 312 1069 llenj.
351 950 544 1038 Albert
580 954 637 1040 de
677 951 962 1043 celebratione
997 958 1162 1046 sabbati
1190 975 1234 1050 et

112 1065 184 1171 diei
199 1083 407 1176 -deminici
435 1085 546 1176 inter
573 1102 738 1178 veteres
771 1104 814 1178 et
845 1092 1152 1211 recentiores).

119 1284 377 1368 significatio
400 1289 513 1354 vocis
530 1291 685 1356 sabbati
702 1302 739 1356 et
763 1293 952 1359 definitio
977 1293 1232 1376 celebratio-

60 1366 100 1430 ιίι
118 1371 191 1455 ejus
214 1397 261 1440 cx
283 1379 465 1440 mandato
491 1379 636 1442 divino.
676 1380 742 1447 Vox
766 1381 883 1444 sabbati
907 1383 1075 1462 descendit,
1100 1394 1133 1446 ut
1155 1383 1230 1449 entis

60 1466 134 1537 notun,
154 1463 188 1523 ab
211 1462 348 1526 llebraea
369 1485 442 1530 uoce
464 1474 541 1551 sqq,
557 1487 647 1548 ¹quac
672 1467 916 1548 significationem
938 1469 1026 1544 babet
1051 1471 1233 1552 quiescendi,
1305 1478 1310 1494 ¹

59 1540 113 1606 llaec
131 1568 191 1612 vero
213 1571 271 1614 vox
295 1551 326 1612 iu
350 1551 444 1624 sacris
467 1551 560 1616 literis
582 1552 662 1616 vario
684 1554 829 1636 accipitur
851 1575 953 1632 sensu,
978 1568 1137 1640 usurpetur
1152 1559 1230 1624 enin

58 1632 134 1708 ptssin
147 1637 179 1698 de
193 1636 239 1700 die
256 1637 380 1719 seatium
396 1637 598 1720 hebdomadis,
610 1641 681 1722 (Ex.
692 1639 744 1718 16,
763 1644 830 1722 2b.;
847 1642 899 1720 2⁰,
920 1645 988 1724 lo.;
1004 1641 1056 1721 3⁵,
1074 1649 1123 1724 2.;
1140 1646 1231 1714 lleut.

58 1711 76 1794 5,
89 1721 136 1801 ll.)
159 1723 258 1803 partiar
277 1725 313 1788 dc
340 1725 407 1788 eliis
429 1725 534 1790 diebus
550 1727 644 1804 lestis,
671 1729 756 1810 (Les.
775 1727 828 1807 2³,
846 1731 913 1811 ³2.)
929 1730 1032 1812 partin
1050 1733 1086 1794 de
1103 1731 1229 1814 integris

57 1801 256 1889 bebdomadibus,
285 1810 373 1893 (Les.
388 1811 441 1890 ³2,
461 1813 510 1875 to.
527 1813 602 1878 Luc.
620 1811 672 1892 18,
691 1815 755 1895 ta.)
773 1815 823 1893 ita,
840 1826 873 1881 ιιι
887 1815 943 1896 μία
959 1814 1018 1899 (sc.
1034 1811 1147 1902 ἡμέρα)
1166 1817 1229 1882 scie

55 1885 193 1976 redditae,
209 1897 330 1979 (blattb.
345 1895 400 1977 28,
419 1898 462 1983 l.)
478 1898 579 1964 nullus
595 1901 634 1963 sit
659 1899 737 1966 alius
762 1903 825 1966 dies
851 1925 937 1984 quam
960 1905 1149 1983 hebdomadis
1167 1905 1229 1987 pris

55 1996 107 2041 nus.
137 1982 191 2056 Nos
215 1987 272 2048 boc
289 1985 352 2048 loco
376 2007 477 2052 vocem
529 1987 607 2050 bbati
625 1989 767 2052 sumimus
782 1989 812 2052 iu
825 1989 995 2071 significatu
1015 1991 1112 2072 priore
1133 2013 1230 2074 eoque

55 2059 75 2122 ῐιι
87 2067 458 2153 ccdioes.lrequentissimo,
475 2008 533 2156 ὦ
550 2077 704 2140 sabbatum
723 2087 768 2140 est
784 2077 848 2140 dies
865 2077 1008 2159 septimus
1025 2079 1227 2160 hebdomadis,

54 2149 116 2227 quieti
135 2156 276 2242 calidique
299 2157 397 2223 divino
422 2172 619 2226 consecratus.
668 2164 715 2226 Ex
746 2185 804 2246 quo
828 2164 971 2246 sequitur,
1003 2165 1228 2232 celebrationem
1297 2211 1299 2218 ·

53 2239 137 2304 sabbati
160 2265 221 2310 esse
244 2267 332 2310 usun
355 2247 444 2312 buius
468 2248 534 2331 diei¹
550 2251 587 2315 ad
611 2250 737 2331 quietem
759 2251 927 2334 cultumque
954 2252 1094 2318 divinum.
1142 2255 1229 2318 Hanc

52 2323 235 2398 celebrationem
262 2337 429 2401 mandatum
452 2335 579 2400 divinum
602 2337 677 2400 Gen.
699 2336 736 2411 2,
754 2340 866 2399 2-3.
890 2337 931 2402 ita
947 2338 1111 2419 expressit:
1144 2341 1228 2405 Deus

52 2429 118 2489 apere
130 2419 275 2484 creationis
291 2421 426 2487 nbsnluto
443 2422 490 2484 die
507 2419 630 2502 septimo
648 2421 759 2503 quieuit
775 2443 899 2502 cunque
923 2432 1124 2504 prosperatum
1139 2423 1228 2488 inau-

53 2501 147 2582 guravit,
162 2507 227 2588 quia
242 2505 296 2570 illo
312 2510 349 2572 ab
367 2507 445 2573 orani
465 2529 553 2590 opere
567 2507 699 2572 conlecto
712 2507 871 2588 quieverat.
898 2507 1014 2586 Quibus
1025 2508 1123 2572 verbis
1135 2507 1229 2592 prino

52 2581 110 2650 licus
129 2593 286 2673 quievisse,
310 2593 330 2660 i.
345 2618 372 2661 ι.
398 2598 436 2658 ab
460 2595 538 2660 omni
563 2615 650 2677 opere
676 2593 833 2659 creaioris
858 2595 982 2658 desiisse
1005 2594 1137 2678 nihilque
1160 2595 1228 2662 novi
1264 2653 1267 2658 .

53 2690 138 2739 ιιιιιιι
160 2682 282 2763 anplius
304 2682 420 2748 dieitur.
452 2681 504 2746 Sic
527 2682 604 2747 enim
625 2690 695 2769 aqut
719 2685 755 2745 dc
778 2683 844 2752 Deo
871 2693 919 2754 est
936 2682 1154 2766 explicandum,
1177 2683 1230 2767 qni

52 2776 90 2820 ιιι
101 2764 266 2850 defatigatur
279 2780 396 2851 propter
411 2767 682 2835 immutabilitatem.
712 2771 804 2834 Porro
828 2769 875 2832 bic
901 2770 964 2834 dies
989 2792 1008 2836 a
1032 2771 1097 2842 Deo
1121 2792 1228 2836 conse·

53 2857 120 2911 eatur
143 2861 168 2914 ιι
189 2855 328 2920 adiebus
352 2854 484 2938 reliquis,
509 2857 617 2938 quibus
639 2857 749 2923 Adnue
774 2859 874 2923 bertus
898 2867 961 2923 erat
977 2857 1120 2930 colendus
1137 2858 1228 2937 (Gen,

52 2925 175 3017 ²v15.)ad
190 2941 321 3016 actiones
338 2943 542 3010 eminentiores
559 2951 722 3026 separatur,
738 2943 870 3026 quaevis
883 2943 1107 3028 estvcrbirtqq,
1123 2965 1227 3026 nempe

52 3019 207 3092 alsuanum
223 3029 280 3092 Dei
297 3029 479 3110 sapientiam,
505 3030 663 3112 potentiam
689 3040 717 3094 et
740 3029 948 3112 benignitatem
973 3050 1011 3096 ex
1036 3050 1124 3110 opere
1140 3051 1227 3094 crea·

53 3099 110 3172 timis
127 3117 338 3195 agnoscendam
362 3115 559 3198 laudibusque
577 3118 747 3190 creandam.
786 3117 920 3194 Tandem
949 3116 1023 3182 ratio
1040 3116 1131 3184 buius
1146 3116 1231 3192 cele-⁶

52 3189 157 3264 trationis
172 3201 287 3266 sabbati
304 3203 429 3280 additur,
446 3223 520 3286 quae
538 3212 584 3267 est
596 3203 743 3268 absolutio
758 3204 848 3286 bujue
865 3203 1008 3274 uniuersi.
1028 3238 1072 3271 ·-.
1223 3271 1227 3282 ,

109 3285 154 3348 lte
177 3287 461 3356 celebratione
488 3290 650 3354 sabbati
680 3289 788 3353 inter
814 3290 1075 3370 patriarchas
1100 3299 1136 3356 el
1166 3292 1228 3356 ιιι-
1264 3299 1268 3304 ’

51 3366 186 3440 molitas
208 3387 300 3440 ante
320 3375 896 3458 captivitatemliabylorai-caut.
911 3377 1228 3459 Haucquidemlegent

51 3450 233 3526 lttelebraudo
251 3465 373 3526 sabbato
382 3464 413 3526 in
429 3473 508 3528 statu
516 3461 691 3545 integritatis
708 3462 796 3526 latam
806 3471 835 3526 ιι
850 3484 904 3542 par
921 3462 1030 3528 oralem
1045 3463 1229 3540 traditionem

50 3547 321 3704 ltbtltbidl
335 3551 554 3702 ”iiiiii
572 3547 1228 3702 tlttdlittttlt'ittllttdli‘

179 3671 180 3674 ,
1093 3697 1095 3699 ,
1219 3681 1228 3716 e

49 3708 157 3810 itanum
174 3722 261 3804 enin,
278 3660 543 3805 binikressionem
557 3660 707 3807 ¹qiraeceqrti
723 3725 759 3786 de
780 3743 839 3786 nou
863 3683 1040 3801 inmedendc
1055 3722 1227 3826 fructusquq

50 3814 92 3863 evus
105 3807 273 3874 miserrimos
289 3812 385 3878 adbuc
401 3811 511 3898 receuti
526 3810 668 3876 memoria
694 3819 807 3888 tenens,
831 3809 882 3874 vix
904 3809 985 3874 credi
1006 3818 1103 3891 potest
1125 3811 1230 3894 majora

51 3877 139 3956 licentia
151 3895 207 3962 boc
225 3897 347 3964 solenne
362 3895 529 3962 mandatum
545 3897 672 3961 divinum
690 3895 833 3962 violasse.
849 3898 887 3959 llt
901 3896 1033 3978 quamvis
1046 3896 1144 3979 proles
1155 3896 1229 3965 (iai-

49 3969 112 4038 ritica
126 3981 219 4046 allec
236 3985 371 4048 deiiceret
386 3984 587 4067 incideretque
603 3985 635 4046 in
650 3982 836 4062 ιιιιιιίιιιιιιιι,
854 3983 964 4047 Setbus
980 3993 1079 4048 tamur
1094 4004 1160 4048 enm
1173 4003 1230 4048 suc

49 4065 194 4154 quteritatc,
210 4073 248 4133 ad
264 4090 350 4153 quam
365 4071 506 4136 Noachus
530 4071 702 4154 pertinebat,
717 4071 783 4134 lien
798 4071 886 4134 tidem
901 4074 1070 4152 praesbbat
1085 4077 1229 4222 praeceqf

50 4149 118 4228 itque
133 4154 195 4218 eius
210 4161 334 4238 gerebat
349 4179 467 4222 marera.
508 4160 604 4236 Quam
631 4159 668 4220 ob
693 4177 813 4230 causam
828 4155 889 4222 ille
915 4157 1141 4232 celebrationem
1156 4177 1190 4219 sa
1212 4192 1229 4210 -

49 4225 90 4294 tui
102 4241 197 4308 addo
213 4245 390 4310 observasse
412 4245 515 4310 merito
532 4255 580 4310 est
597 4248 776 4325 censendus,
799 4245 877 4327 qnod
894 4244 980 4310 etiam
997 4249 1033 4312 de
1053 4241 1229 4328 patriarchis

44 4354 250 4390 *Rau—a·-

96 4421 119 4492 *i
134 4427 209 4486 Proui.
228 4407 383 4500 Vitibeitas
404 4436 482 4492 1772.
500 4431 528 4488 t.
