2944 4904
449 267 485 330 de
499 265 546 330 die
561 264 654 332 natali
669 267 846 335 §amatorie
1177 279 1252 345 '11⁷

75 433 168 499 ntalem
181 453 250 500 esse
266 445 377 520 patant,
394 439 492 504 stetim
509 440 625 504 dicendi
641 443 695 506 erit
707 442 803 522 loeus,
821 441 871 506 ubi
888 444 1130 528 eeltptpneniun
1145 457 1249 518 testem

74 524 236 603 deveniemus,
255 527 425 609 episcopum
442 528 573 592 eiusdem
590 530 762 594 dioeceseos
775 531 1012 610 Alexandrinae,
1038 535 1247 617 Aegyptiorum

74 612 123 672 eden
142 627 247 675 morum
273 615 345 678 satis
363 627 490 695 gnarum
525 635 618 697 eaque
651 637 727 698 quae
744 639 762 682 a
780 618 931 682 Clemente
946 621 1110 684 audirimus
1127 627 1248 706 egregie

52 693 240 764 tittcseectem.
272 701 361 764 Extat
385 705 463 784 apud
486 703 723 784 Epiphaniam*)
749 705 834 768 locus
862 706 1009 787 insignis:
1039 709 1248 808 γεννηθέντος

71 776 108 864 γὰρ
125 779 221 864 ednod,
238 789 308 872 περὶ
324 777 380 850 τὸν
392 784 609 872 Ἰαννουαρίου
622 789 714 872 μῆνα,
731 793 877 854 τουτέστι
893 783 954 872 πρὸ
972 788 1051 855 danen
1069 790 1246 858 eddein²lnn-

70 871 186 952 κουυρέων
206 862 278 954 iisne
301 874 366 936 doni
391 865 471 936 κατὰ
496 875 663 953 Ρωμαίους
685 877 814 959 πέμπτη
840 878 899 940 τοῦ
920 875 1128 964 Ἰαννουαρίου
1150 869 1247 964 μηνὸς

70 948 124 1016 κατὰ
139 952 330 1042 {inpensione
356 963 440 1043 Τυβτ
454 953 613 1045 ἑνδεκάτη.
648 965 775 1046 Reliqua
795 966 827 1026 in
850 966 956 1048 quibus
980 969 1056 1030 hanc
1081 968 1156 1030 diem
1179 989 1246 1030 cum

70 1043 161 1107 eliorum
184 1046 359 1130 populorum
386 1049 536 1112 mensibus
561 1063 589 1113 et
612 1053 716 1114 diebus
742 1073 911 1134 comparare
937 1054 1068 1132 laborat,
1097 1055 1245 1118 brevitatis

69 1135 311 1199 eanseemdttimns.
348 1138 491 1202 Netamus
507 1137 606 1218 potius
623 1139 819 1220 Epiphaniam
843 1138 932 1221 paule
964 1143 1081 1222 post*')
1112 1141 1245 1205 dixisse:

68 1205 109 1277 ini
123 1219 238 1298 τηςτῶν
254 1218 425 1304 γενεθλίων
440 1217 540 1284 αὐτοῦ
556 1219 682 1308 ἡμέρας,
699 1220 1068 1304 τουτέστινἘπιφανίων,
1084 1214 1155 1298 δ’τος
1170 1251 1246 1310 τυγ-

67 1296 125 1380 peine
143 1309 210 1388 έκτη
227 1310 437 1392 Ιαννουαρέου
455 1298 570 1390 μηνὸς,
599 1306 677 1372 κατὰ
702 1308 736 1374 δὲ
759 1315 957 1394 Αιγυπτίους
985 1311 1062 1396 Τυβὶ
1086 1304 1244 1400 ἑνδεκάτη.

67 1389 139 1470 Pergit
161 1395 262 1458 deinde
273 1396 351 1470 *⁸*):
390 1390 538 1468 :edredi
562 1389 722 1477 έοκόπηοα
740 1387 790 1459 δτι
805 1396 857 1460 καὶ
874 1389 1244 1480 οῖεῑπόντεςτέγνημέραν

67 1473 296 1576 ep'eeettdpeoe,
313 1483 361 1544 ael
378 1477 419 1554 cic
436 1481 654 1564 ἐυηγγελέοατο
672 1479 688 1545 ὃ
706 1473 850 1566 Γαβριὴλ
875 1475 935 1565 τὴν
949 1486 1129 1565 παρθένον,
1148 1480 1244 1548 ἐἶπον

67 1583 105 1641 την
116 1559 256 1631 ὑπόνοιαν
264 1567 328 1630 τοῖν
344 1567 437 1632 τινοῖν
452 1561 606 1651 λεγόντων
622 1570 656 1632 ἐν
670 1567 844 1654 παραδόσει
862 1559 962 1643 eieilne
978 1563 1030 1633 dede
1041 1564 1121 1634 ἑπτὰ
1136 1571 1243 1658 μηνῶν

66 1641 194 1734 ἐγεννήθη,
211 1649 385 1737 έυρήκαμεν
401 1643 459 1739 γδρ
475 1645 538 1717 ἀπὸ
555 1649 671 1720 τούτου
688 1656 746 1719 τοῦ
761 1647 966 1737 προπδσωνος
991 1657 1047 1730 ἕως
1077 1652 1244 1740 ἑνδεκάτης

69 1735 124 1818 lbdl
136 1735 179 1804 :nl
193 1733 254 1826 πρὸ
272 1732 352 1804 darei
367 1736 681 1822 εῑδῶνἸανναυορίων
697 1731 747 1806 line
762 1739 895 1818 ἀληθῶς
911 1735 949 1805 τὰ
966 1735 1128 1820 decorietur
1141 1745 1243 1826 ἐγένε-

65 1842 93 1900 το,
107 1824 149 1887 καὶ
161 1819 329 1912 ἐγεννήθη,
346 1821 425 1890 ἔπτὰ
438 1827 544 1910 μηνῶν
557 1823 669 1912 χρόνον
682 1823 760 1893 κατὰ
771 1820 826 1892 τὸν
841 1825 1023 1912 οεληνιακόν
1032 1821 1147 1910 δρόμον
1156 1819 1242 1910 παρὰ

64 1900 146 1992 ididae
158 1915 316 1999 τέσσαρας.
350 1918 390 1979 Ει
403 1917 511 1998 paucis
524 1915 684 2000 interjectis
694 1917 746 1997 †):
769 1905 850 1995 ὅμως
873 1916 906 1978 ἐκ
923 1913 1129 2000 πανταχόθεν
1154 1911 1242 1978 ἑνδε-

66 1985 119 2146 κἄτη
134 2001 209 2086 Τυβὶ
224 1998 485 2087 κατ”Αογιπτέουο
500 1998 520 2084 η
538 2005 748 2088 προειρημένη
763 2002 822 2066 τοῦ
837 2006 963 2089 Κυρίου
979 2003 1013 2066 ἐν
1028 2002 1117 2088 σαρκὶ
1133 2001 1242 2086 γέννη-

64 2099 95 2152 ee
116 2087 218 2167 γένετο.

99 2235 102 2240 ,
124 2174 219 2241 Omnia
232 2181 309 2242 haee
327 2177 495 2240 testimonia
511 2178 541 2240 in
558 2199 592 2241 ee
609 2179 795 2256 etinveniunt,
821 2177 896 2242 diem
921 2179 1046 2242 natalem
1072 2178 1241 2244 celebrasse

63 2255 193 2342 trepens,
210 2277 238 2330 et
256 2266 327 2349 quia
342 2269 380 2328 ad
398 2266 546 2330 dioecesin
563 2266 638 2328 ferte
657 2265 882 2328 Alexandrinam
899 2267 1075 2346 pertinuere,
1094 2269 1141 2330 die
1157 2269 1241 2348 ejd-

63 2347 138 2426 nerii,
153 2356 224 2433 qued
242 2364 411 2417 constanter
427 2354 559 2436 perhibet
575 2351 780 2431 Epiphanius,
804 2373 860 2413 nec
882 2352 1127 2414 contradicentem
1152 2354 1241 2414 habet

63 2427 212 2519 Clementem,
229 2442 317 2524 cujus
334 2463 372 2504 ex
389 2441 530 2504 relatione
545 2439 602 2498 hec
619 2448 729 2500 tantum
746 2437 843 2519 p'etet,
867 2445 983 2517 praeter
1006 2457 1187 2498 communem
1212 2448 1241 2500 et

62 2534 175 2601 receptum
205 2549 315 2592 morem
344 2549 363 2590 a
387 2529 560 2610 quibusdam
593 2523 668 2586 diem
693 2525 746 2588 25.
770 2524 931 2586 decembris
956 2523 1083 2586 natalem
1107 2523 1239 2588 habitum

61 2601 136 2672 icisse.
150 2611 291 2680 Miremur
305 2616 404 2697 itaque
414 2616 451 2681 G.
462 2615 525 2678 Joh.
535 2611 673 2678 Vossinnn
683 2615 742 2693 ††)
755 2646 793 2658 -
804 2633 868 2673 cum
886 2611 1058 2688 declararet,
1075 2610 1101 2672 si
1117 2615 1155 2673 ab
1173 2612 1240 2693 opi-

61 2689 122 2758 nione
137 2704 276 2768 communi
293 2705 430 2766 recedere
447 2701 524 2764 leret
540 2700 665 2777 animus,
683 2721 715 2762 se
731 2720 791 2760 nen
808 2696 897 2762 aliam
915 2697 1065 2762 lubentius
1083 2697 1239 2781 amplexu·

62 2796 103 2842 'lb
126 2807 203 2867 quam
220 2792 390 2854 alterutram
407 2811 444 2869 ex
461 2789 521 2850 illis
537 2787 701 2871 Aegyptiis,
720 2808 793 2869 ques
810 2787 949 2850 Clemens
975 2797 1180 2851 commemorat
1197 2822 1237 2836 --
1344 2845 1347 2854 .

61 2868 199 2950 scripsisse:
230 2889 348 2957 „movet
363 2893 410 2940 nnc
425 2873 509 2954 illud,
527 2879 604 2957 qnod
621 2875 759 2957 Aegyptii
783 2895 853 2962 prae
878 2875 1015 2955 gentibus
1032 2875 1099 2936 aldis
1126 2885 1239 2956 tempe-

61 2958 302 3048 maluerintgnari
313 2975 341 3028 ct
356 2964 482 3041 illerum,
501 2984 576 3045 quae
592 2965 628 3026 ad
646 2974 760 3042 tempus
778 2963 941 3024 natalitium
951 2961 1106 3042 pertinent,
1116 2961 1236 3024 curiosi.

60 3037 102 3101 Nee
115 3048 201 3114 minus
218 3051 378 3135 compellit,
399 3056 475 3133 qued
493 3047 622 3132 unldique
639 3049 826 3112 doctissimus
845 3049 982 3112 Clemens
1007 3069 1044 3109 ne
1062 3047 1239 3108 mentionem

61 3129 147 3205 quidem
170 3161 269 3203 eornm
285 3140 385 3213 faciat,
410 3139 459 3220 qui
477 3139 522 3200 vel
545 3139 575 3200 8.
601 3135 663 3198 kal.
691 3136 853 3200 decembris
882 3135 929 3200 vel
955 3137 985 3199 8.
1009 3134 1076 3196 idus
1097 3135 1160 3216 jau.
1183 3154 1239 3198 nn-

60 3221 100 3278 ltb
114 3243 171 3288 esse
187 3228 336 3292 Christum
354 3228 523 3288 crederent:
552 3235 584 3286 nt
598 3246 657 3287 nen
675 3224 817 3286 immerite
834 3223 963 3305 suspicio
988 3223 1154 3301 oboriatur,
1178 3232 1239 3284 tum

59 3307 304 3387 temporisneedaru
336 3314 501 3377 obtinuisse
526 3332 577 3392 eas
594 3311 747 3392 opiniones
773 3310 804 3371 in
827 3309 937 3392 popolo
962 3311 1131 3374 christiano.
1162 3309 1239 3372 Nam
1286 3295 1314 3389 ‘‚
1373 3375 1375 3380 .

59 3388 75 3447 δί
95 3396 206 3465 ccclesia
220 3405 357 3466 Romana
373 3401 418 3464 cel
435 3400 531 3463 vicina
546 3402 619 3461 adeo
644 3397 911 3478 Hierosolymiteue
936 3418 1015 3459 nunc
1032 3395 1159 3460 natalem
1182 3399 1238 3458 de-

59 3477 164 3549 ninicum
178 3489 208 3552 in
224 3489 371 3552 decembri
389 3487 435 3552 cel
448 3486 585 3570 januario
604 3483 798 3548 celebrasset:
832 3493 929 3568 pute,
943 3501 1038 3563 neque
1054 3483 1084 3542 id
1108 3483 1239 3560 degisset

60 3561 222 3639 lectissimum
239 3575 323 3639 illum
340 3574 571 3639 Alexandrinum
589 3571 823 3656 presbyterum.“
854 3571 921 3632 Non
948 3589 1020 3632 sane
1042 3567 1120 3648 dogit
1145 3577 1174 3629 et
1190 3567 1238 3628 di-

59 3654 120 3718 senis
134 3665 224 3728 verbis
242 3673 395 3746 utramque
413 3661 580 3726 celebrandi
600 3661 742 3724 rationem
767 3657 1001 3720 commemorarit
1024 3655 1160 3718 Clemens
1184 3652 1238 3718 ille

59 3733 254 3832 lltxmtrtous,
272 3754 425 3814 dnmmodo
443 3753 534 3814 rerba
548 3750 614 3831 ejus
632 3768 722 3830 snpra
737 3746 874 3827 exposite
889 3756 968 3809 reete
993 3741 1192 3824 intelligamus
1207 3752 1238 3808 et

58 3834 183 3912 ¹llttprete
198 3827 364 3922 Epipbhnio
381 3849 499 3903 utamur
531 3838 586 3900 atis
610 3837 732 3914 idoneo..
762 3833 821 3898 Sed
848 3837 884 3896 de
909 3830 1069 3914 Epiphanii
1091 3831 1238 3895 sententia

62 3951 263 3984 *Qu-
698 3919 701 3926 1
1172 3949 1174 3954 .

106 4033 206 4120 *hilde
232 4045 305 4097 beer.
326 4048 350 4108 t,
375 4048 402 4108 2,
422 4045 494 4099 baer.
512 4043 556 4100 bt.
576 4041 623 4112 (Τ.
646 4046 669 4095 t.
698 4039 740 4092 ed.
761 4022 866 4106 Potae.)
880 4055 912 4108 p.
925 4036 987 4094 446.
1010 4053 1084 4109 quem
1103 4037 1188 4092 lecum
1206 4031 1237 4088 tl-

57 4090 151 4159 beteret
165 4110 284 4166 Patavina
304 4113 477 4165 animadvers.
497 4119 518 4163 t.
538 4111 572 4164 ll.
594 4129 619 4180 p.
640 4113 691 4166 1³2
709 4125 748 4176 eq.

59 4227 63 4238 ,
107 4169 144 4240 *ἢ
161 4177 222 4234 lbdd.
240 4199 267 4251 p.
285 4180 347 4235 tte.
367 4181 466 4249 Exque
484 4179 541 4232 loce
561 4180 654 4248 prioris
672 4179 813 4259 lectionem
830 4178 1015 4234 emendandam
1034 4187 1091 4260 este
1106 4181 1237 4245 putamus,

58 4235 84 4284 ¹¹⁸
97 4247 121 4290 dl
133 4261 175 4311 ‘pre
191 4252 230 4304 πέ
248 4267 304 4315 mne
322 4252 425 4316 legatur
445 4247 519 4315 ἕκτη,
539 4250 577 4300 uti
595 4249 621 4300 in
642 4247 759 4300 versione
780 4253 858 4298 etnam
878 4245 999 4302 Petreius
1018 4247 1112 4302 reddet.

81 4309 93 4322 ’
108 4309 201 4440 med·
238 4323 285 4376 5t.'
301 4321 344 4388 qai
363 4325 449 4372 tamen
469 4318 542 4371 loeus
561 4318 588 4371 in
607 4317 697 4388 paneis
716 4321 851 4386 suspectus
870 4317 974 4371 ridetur
990 4315 1106 4371 Petreio.
1148 4331 1150 4336 ’
1211 4356 1241 4400 Ἴ,

107 4447 152 4516 ††)
168 4401 271 4540 lhediinh.
294 4458 325 4512 de
348 4455 445 4514 Christi
464 4470 551 4514 mense
572 4455 665 4526 dieque
683 4453 774 4511 nntnh.
792 4429 882 4524 ped.
