2944 4904
197 268 241 338 nn
251 265 309 330 diei
331 209 414 334 doner.x
429 251 482 350 spi
504 251 563 331 reti
585 250 769 330 Christianos
792 266 1002 368 oelehrstione.
1162 269 1206 334 79
1281 271 1293 288 “

37 447 154 503 thomum
168 429 272 522 minine
286 445 393 519 fnium
418 453 513 505 centro
530 463 600 524 quoe
614 451 716 505 nomut
733 445 828 504 omnio
844 444 972 521 tundent,
994 461 1053 502 rem
1074 446 1130 521 ipsi
1146 463 1208 504 cum

37 531 155 590 leniniine
176 537 253 592 nume
275 533 379 608 fluisse,
403 536 450 610 qui
471 531 583 592 deorsum
606 537 733 592 inanium
765 533 922 608 religionem
947 531 1110 606 elicuerunt.
1153 532 1208 591 Sed

38 619 165 692 luceant-ne
177 621 447 680 ninnisiltilrernlilen
458 639 584 698 pupnore
598 621 703 694 uidem,
729 620 900 678 Judneornm
917 618 1030 697 quidum
1054 621 1084 676 in
1108 637 1207 677 auenne-

39 711 144 766 rnnissimo
159 707 207 766 hoo
224 711 445 767 Christianorum
463 717 555 786 conum
571 708 621 766 luno
635 717 727 766 tomen
745 727 848 781 omnes,
866 711 913 784 qni
928 712 989 764 uine
1004 709 1127 783 pectinem
1143 714 1205 765 sttr-

38 793 65 852 lio
76 795 134 852 luno
147 795 236 872 tepent*
246 797 333 854 Plinii
349 795 505 873 epistolum,
528 795 649 854 iubentes
672 795 833 872 largientur,
856 797 1010 854 nuwimum
1026 793 1086 869 quoe
1101 801 1208 870 purtem

38 899 59 936 er
69 882 201 941 horninibus
218 887 374 942 constitisse
392 882 503 941 morsum
520 887 714 960 superstitione
729 881 868 960 qnondam
885 886 984 959 nuptis.
1027 886 1064 942 m
1080 881 1129 940 hoo
1145 883 1207 964 quif

38 967 76 1024 dm
93 969 165 1046 plene
180 969 287 1044 suspen
305 969 343 1029 nd
358 989 451 1028 eorunm
475 973 630 1047 opinionem
652 969 834 1048 prehendam,
858 975 905 1047 qui
929 977 1033 1027 stntnm
1057 967 1133 1038 diem,
1146 975 1207 1045 petr

39 1074 86 1111 nnn
101 1077 150 1124 esee
164 1067 271 1118 oensem
287 1057 464 1117 hebdomadis
480 1057 560 1132 diem,
586 1078 639 1136 quo
657 1072 692 1116 ee
706 1058 849 1136 sepulchro
865 1063 948 1115 renuet
970 1060 1062 1134 iprum
1077 1056 1209 1115 Christus

38 1146 136 1202 recitauit.
978 1173 982 1180 v

97 1230 125 1288 dl
148 1227 199 1291 etsi
222 1228 326 1310 negari
350 1228 460 1310 nequit,
486 1228 720 1292 Christianorum
745 1228 775 1289 in
801 1222 936 1310 Bithynia
963 1237 1063 1288 coetus
1081 1249 1125 1302 eo,
1150 1247 1207 1309 qno

39 1312 118 1375 Plinius
132 1317 202 1378 hanc
218 1317 323 1378 halnuit
339 1316 527 1397 provinciam,
544 1328 672 1398 tempure
691 1316 844 1378 maximam
862 1327 970 1396 partem
989 1335 1025 1376 ex
1043 1314 1208 1376 hominihus
1227 1331 1228 1338 ¹

40 1401 120 1462 deorum
142 1404 348 1484 superstitione
372 1407 517 1484 quondam
544 1405 637 1486 captis
661 1403 836 1480 constitisse,
869 1405 1085 1464 concedendum
1112 1414 1208 1476 tannen

39 1498 66 1547 est
82 1490 229 1565 desinere,
255 1491 450 1565 Christianos,
477 1491 525 1572 qni
551 1493 658 1572 primas
684 1492 714 1552 in
739 1491 785 1552 his
805 1490 890 1552 Asiae
908 1489 1077 1570 regionibus
1096 1489 1208 1551 consti-

41 1581 118 1637 luerent
132 1579 279 1656 ccclesias,
296 1579 388 1640 inisse
406 1579 561 1660 aliqnando
578 1582 715 1642 ludaeos.
749 1578 807 1658 Qud
825 1599 893 1638 rere
911 1599 975 1638 cnm
993 1577 1048 1654 his,
1072 1577 1208 1658 neglecta

40 1675 116 1739 patrum
130 1667 279 1747 religione,
306 1686 374 1732 seso
398 1667 614 1748 conjunxerunt
629 1666 749 1748 pagani,
775 1687 826 1727 eos
849 1677 995 1746 tamqnam
1023 1683 1114 1725 noros
1141 1663 1207 1726 lidei

40 1751 104 1812 serios
119 1764 236 1816 ueterum
256 1754 488 1816 Christianorum
507 1755 649 1816 volumtati
669 1753 857 1834 moribusque
876 1773 943 1814 esse
961 1755 1116 1814 obsecutos
1135 1755 1207 1814 sah-

40 1838 155 1921 latumqne
178 1843 286 1922 egisse,
312 1841 379 1901 mihi
404 1841 520 1922 quidem
547 1843 664 1904 ridetur
694 1841 952 1903 verosimillimum.
1005 1842 1090 1916 (duod
1119 1861 1207 1920 quum

38 1924 273 1991 cliamhloshemius
291 1929 424 2004 senserit,
442 1941 516 1990 stato
534 1930 580 1990 die
598 1948 668 2010 pro:
686 1929 768 1990 stertis
787 1930 890 1990 diebus
906 1927 1033 2008 positum
1051 1927 1151 2002 credit,
1169 1928 1209 1986 ita

38 2023 85 2074 uta
105 2015 186 2076 Plinio
208 2025 236 2078 et
263 2017 387 2096 primam
412 2029 440 2077 et
464 2018 617 2097 septimum
641 2017 833 2078 hebdomadis
855 2015 928 2076 diem
954 2025 1206 2076 conrrrnemoratum

40 2117 84 2160 mse
97 2113 206 2165 statuere
221 2105 381 2186 possimus.
421 2103 479 2164 Sed
498 2105 582 2179 talis,
608 2105 722 2186 qualem
745 2105 807 2165 vult
831 2105 891 2181 ille,
916 2101 1077 2183 singularis
1095 2100 1208 2163 numeri

39 2187 118 2248 nlnsus
128 2211 275 2273 nusqumn,
288 2202 426 2272 quantum
436 2191 507 2267 sein,
525 2195 599 2274 apud
613 2193 770 2271 scriptores
784 2190 1068 2272 antiquos-recurrit.
1094 2189 1208 2266 Quium·
1294 2223 1299 2234 ‚

41 2273 109 2336 olrenn
122 2277 199 2340 Plinii
218 2282 308 2342 verim
334 2279 391 2340 alio
415 2279 599 2360 explicentur
626 2283 720 2354 modo,
746 2299 867 2340 necesse
886 2290 939 2338 est.
972 2275 1086 2337 Plinius
1103 2289 1209 2352 autern,

41 2380 162 2436 qunmnon
178 2368 266 2444 dieat,
293 2367 477 2428 Christianos
506 2367 551 2426 die
569 2367 687 2444 Satnpni
709 2375 758 2426 aut
783 2366 828 2424 die
853 2362 925 2424 solis
944 2362 1100 2424 convenire
1117 2363 1209 2422 luisse

41 2447 119 2508 solitos
134 2486 165 2497 -
179 2457 255 2536 qnod
274 2455 350 2515 hand
368 2455 455 2515 dubie
473 2453 604 2526 iecisset,
630 2452 654 2514 si
680 2452 721 2512 illi
740 2471 856 2530 semper
879 2462 928 2510 ant
953 2451 1007 2510 hoc
1026 2460 1076 2508 aut
1091 2447 1143 2507 illu
1162 2448 1208 2509 ulie

43 2538 251 2604 ronconissunt-
262 2541 406 2618 consulto,
424 2552 455 2603 nt
472 2541 604 2622 ‘equidem
615 2560 731 2613 censeo,
751 2559 810 2599 rem
827 2537 857 2598 in
870 2536 964 2598 medio
978 2533 1104 2616 reliquit.
1136 2529 1208 2595 Etc-

43 2619 78 2681 lln
98 2624 237 2692 Christiani
267 2650 284 2690 a
309 2629 449 2691 Romanis
478 2629 663 2690 vehementer
681 2625 787 2710 vexati,
810 2647 842 2687 se
864 2625 919 2706 ipsi
939 2627 973 2686 dc
993 2621 1208 2684 oenleumitatihns

43 2710 179 2782 pederendis
205 2716 394 2791 consolaturi,
420 2737 477 2786 non
504 2716 595 2778 semel
619 2725 729 2777 tantum
753 2724 803 2775 ant
826 2712 886 2788 leis,
911 2713 962 2774 sed
989 2711 1109 2792 saepius
1134 2711 1211 2772 inter

44 2790 191 2865 leldomndis·
208 2803 335 2886 spatium
362 2803 497 2864 ridentur
520 2825 588 2866 sese
615 2821 815 2882 congregasse
842 2799 1074 2880 congregatique
1098 2801 1133 2860 de
1151 2797 1211 2858 ite-

45 2887 102 2946 randa
121 2889 251 2954 concione
280 2890 473 2952 consultassr.
514 2893 600 2968 Quod
623 2891 774 2953 sinerum
798 2910 864 2951 esse
879 2888 1068 2965 accipimus,
1094 2885 1210 2972 Plinius
1258 2923 1260 2927 ,

45 2971 167 3046 aptioraad
188 2999 262 3054 eam,
288 2999 373 3058 qnam
400 2977 563 3060 exprimere
588 2977 689 3055 voluit,
714 2975 886 3038 sententiam
905 2976 994 3036 rerba
1018 2972 1129 3050 eligere
1153 2991 1210 3031 aon

46 3059 110 3135 putuit,
132 3085 213 3144 qnnm
237 3071 345 3126 statum
369 3065 445 3126 diem
471 3085 536 3126 enen
562 3065 648 3142 dicat,
674 3085 730 3145 quo
748 3063 904 3125 Christiani
923 3079 1039 3123 rursum
1057 3057 1211 3120 convenire

45 3147 170 3215 latuerant.
199 3154 412 3236 linquensque
429 3153 465 3214 de
485 3153 598 3215 sabbati
616 3173 711 3234 neque
733 3153 769 3214 de
786 3150 842 3214 diei
861 3148 997 3212 dominici
1015 3144 1212 3210 celebratione

45 3233 183 3309 llgitandnm
202 3251 257 3304 est.
557 3303 558 3306 ,
653 3254 656 3260 ’
865 3263 873 3276 ·
1198 3243 1201 3250 ’

97 3324 185 3406 Neque
200 3328 230 3390 in
250 3326 385 3409 epistolis
410 3325 562 3408 ignatii
587 3324 736 3406 genuinis,
762 3345 837 3405 qnae
854 3323 937 3404 ipsae
954 3332 1050 3384 tamen
1067 3341 1085 3383 a
1102 3319 1212 3382 doctis-

45 3401 95 3468 ainis
109 3414 274 3492 quibusdam
292 3415 383 3476 nostri
403 3414 466 3476 aeri
492 3413 683 3494 scriptoribus
694 3413 733 3489 *l
746 3413 891 3473 habentur
914 3409 1125 3488 interpolatae,
1150 3405 1213 3467 nlla

44 3485 98 3570 llius
112 3500 148 3560 rei
159 3501 189 3564 tiu
205 3502 324 3566 mentio.
356 3501 442 3564 Hand
461 3501 547 3562 dnllie
564 3500 640 3562 enim
658 3509 755 3562 errant
772 3494 1016 3576 Binghamius**)
1034 3493 1126 3574 etqui
1146 3513 1212 3553 eum

45 3591 173 3669 sequnntur,
198 3590 387 3669 affirmantes,
420 3592 531 3671 patrem
561 3587 644 3649 illum
667 3585 858 3668 apostolicum
883 3578 1158 3672 Magnesianis**l)
1182 3579 1213 3668 in

87 3717 107 3783 *)
124 3723 159 3776 Gi.
178 3726 459 3799 Angrlleender:
487 3724 669 3788 attensem.
688 3725 713 3778 d.
734 3723 833 3774 christi.
855 3720 937 3786 nens.
958 3737 984 3772 n.
1002 3717 1106 3770 liirelue.
1143 3718 1173 3768 B.
1194 3716 1215 3773 l.

45 3779 245 3858 ·lltl.1,(}1qmq,0
267 3797 357 3861 1825.)
376 3813 402 3862 p.
422 3799 481 3848 301.
519 3797 600 3846 Zenon
618 3794 710 3846 tinente
730 3811 792 3846 mon
816 3792 895 3844 echon
923 3791 962 3842 dei
988 3791 1044 3840 ulem
1067 3786 1214 3840 riinniechen

45 3847 123 3910 l'lmeas
140 3879 160 3916 c.
178 3864 222 3916 40.
252 3865 294 3916 die
307 3863 573 3916 nittestnnrrnttichen
597 3863 787 3929 Vertitttnissc,
802 3863 857 3927 anf
876 3862 918 3911 die
945 3855 1094 3910 christliche
1119 3855 1215 3908 Kirche

45 3931 158 3984 “laeuam
174 3933 271 3998 rieden,
300 3933 364 3984 oder
382 3935 478 4000 pemies
497 3934 533 3982 ist
550 3933 635 3983 dieser
654 3933 742 3997 Belus,
766 3933 816 3982 wic
834 3931 876 3982 die
895 3929 987 3993 Briefe
1014 3927 1060 3977 des
1083 3927 1214 3992 Ipnotires,

45 3983 121 4050 “ilidii
139 4001 206 4053 nictit
230 4018 261 4054 su
279 4001 367 4064 storin,
392 4001 533 4052 dorcheim
552 3999 757 4052 hierarchisches
776 4002 908 4050 Interesse
925 3997 1079 4062 interpotirt
1097 3996 1212 4048 worden.

46 4047 146 4188 {hqulqueh
165 4069 210 4120 der
228 4071 326 4123 christl.
345 4067 547 4132 liirclnengesch.
566 4083 615 4118 ron
633 4067 692 4118 Joh.
712 4067 743 4121 Ε.
762 4067 858 4118 Christ.
879 4063 995 4116 Schmidt
1018 4061 1047 4114 P.
1069 4063 1087 4113 1.
1115 4061 1212 4128 (Gicss.

89 4165 93 4178 ·
135 4141 208 4192 -208
227 4153 263 4189 ss.
1111 4141 1117 4147 ’

66 4150 168 4272 ,**)Ρ1..
188 4207 205 4259 l.
225 4205 251 4274 p.
270 4207 310 4262 15.
347 4209 469 4274 ignotius
496 4207 638 4272 nnorrifesto
662 4207 698 4257 od
722 4203 929 4256 observationem
950 4203 1002 4254 dici
1016 4195 1149 4267 ⁸(tunninici
1171 4213 1216 4250 re-

45 4265 101 4327 litii,
121 4276 215 4337 uiuendo
237 4277 426 4343 Mopoesionoe
445 4275 530 4343 p'olret',
556 4289 610 4326 nun
630 4276 746 4342 amplios
768 4271 909 4324 retiolum
934 4273 1099 4323 Jndeeerum
1122 4269 1216 4330 coiere,

45 4331 72 4378 tlt
83 4344 204 4395 secundnm
221 4347 376 4398 dominicum
392 4347 460 4398 'etiem
478 4347 563 4396 vinem
580 4350 627 4398 etc.
852 4379 855 4386 ι
1111 4357 1114 4364 ’

86 4404 484 4480 ,***)cl.Putrun1upnstnll.
513 4411 579 4482 Opp.
601 4427 636 4464 ex
662 4427 715 4470 rec.
736 4409 760 4460 J.
787 4409 815 4460 B.
842 4407 976 4472 Cotelerii,
1001 4407 1042 4458 ed.
1064 4405 1093 4454 ll.
1122 4402 1213 4477 alolq.

47 4457 404 4548 llnnn.(nnsrelnl.'1724.)
422 4476 455 4536 V.
476 4480 504 4533 11.
523 4484 614 4548 p.·20.
634 4496 676 4547 ep.
695 4480 728 4532 ad
745 4475 876 4542 lllngdess.
889 4485 954 4544 cup.
976 4473 1003 4529 9.
