2916 4904
181 278 183 284 ,
234 259 288 336 ,4
367 291 371 302 ,

238 447 346 500 rerum
357 429 464 518 ‘periti
481 435 575 518 sunt,
604 427 881 498 inexhaurieudos
897 415 1004 499 latere
1023 427 1193 498 doctrinae
1204 425 1392 582 profundat

239 517 425 604 exquisitae
444 517 619 583 thesauros
642 517 675 587 iu
697 515 752 582 illo
777 518 945 583 literarum
966 535 1108 605 genere,
1138 535 1201 604 quo
1247 515 1392 602 disputat

237 623 330 692 uum,
353 603 638 688 dissertationum,
661 605 983 693 commentationum,
1026 607 1277 689 rogrammatum
1300 607 1368 670 etc,
1391 623 1392 668 ι

237 691 323 758 mine
340 689 535 774 insignimus
559 692 719 776 cujusque
740 689 946 756 feracissima
969 710 987 756 o
1026 691 1099 756 cina
1120 692 1152 756 in
1175 691 1262 756 omui
1280 688 1392 754 literar

187 775 188 782 '
237 795 361 863 genere
380 776 558 842 Germania
581 775 652 862 furt,
676 783 710 840 ut
732 795 813 844 vere
834 778 974 864 mireriS,
996 776 1074 842 nihil
1097 781 1164 842 tam
1185 781 1348 842 remotum
1376 793 1392 840 c

237 871 272 931 et
298 860 523 929 absconditum
553 861 586 932 iu
615 863 738 949 literis,
776 863 852 948 quin
879 862 913 928 id
945 870 1056 930 tamen
1086 863 1300 950 complusculi
1333 862 1392 926 scir

236 952 351 1036 Usque
369 947 514 1014 adhunc
534 947 620 1016 diem
638 949 764 1014 illorum
782 949 962 1016 libellorum
981 967 1147 1040 uumerus,
1170 950 1226 1035 qut
1243 950 1276 1014 iu
1292 947 1392 1012 intiuit

130 1057 131 1060 ’
238 1037 311 1104 fere
333 1035 500 1122 excrevit,
532 1041 906 1126 augetur,·quanrquam
921 1054 992 1104 nou
1014 1054 1072 1123 eo,
1095 1055 1159 1123 quo
1183 1035 1257 1100 olim
1280 1032 1392 1098 studio

238 1123 352 1188 forsan
377 1139 546 1187 successu.
591 1123 663 1188 Nec
685 1123 826 1188 reticere
846 1141 980 1209 possum
1002 1123 1119 1190 tinere
1137 1141 1189 1188 me
1210 1121 1369 1186 thesauro
1391 1151 1392 1182 ι

165 1237 168 1242 ,
238 1214 328 1295 stro,
358 1207 471 1293 lingua
498 1209 600 1274 latina
628 1215 804 1298 concepto,
834 1212 931 1294 cujus
953 1227 1046 1274 usum
1069 1209 1161 1276 hisce
1188 1209 1312 1274 nostris
1328 1206 1392 1271 die

180 1321 186 1332 ·
239 1314 304 1362 nou
326 1313 391 1360 uua
420 1313 462 1360 ex
486 1300 579 1381 parte
602 1296 785 1382 impugnari
815 1295 912 1362 video
940 1297 1174 1382 numerumqbe
1200 1311 1313 1360 eoram
1336 1294 1392 1358 in*

239 1387 364 1447 storum
382 1382 487 1466 magis
506 1383 676 1468 magisque
697 1383 896 1448 imminutum
914 1383 957 1460 iri
972 1381 1080 1469 doleo,
1103 1383 1157 1468 qni
1175 1381 1299 1446 latinae
1321 1379 1392 1462 ling

239 1489 302 1534 usu
328 1469 480 1534 instructi
505 1471 646 1554 scriptos
676 1470 708 1536 ih
732 1487 774 1534 ea
801 1469 906 1534 libros·
926 1473 1150 1554 quaerautet
1173 1467 1323 1534 volvant.
1369 1463 1392 1532 ll

239 1555 324 1637 enim
345 1555 499 1640 plurimos
521 1559 655 1622 nostrae
679 1557 799 1621 aetatis
817 1554 966 1620 homiues
990 1573 1114 1619 summo
1134 1552 1392 1638 flagrantissimo

240 1659 342 1725 agere
364 1639 513 1711 videmus
533 1640 660 1730 studio,
682 1648 735 1729 nt,
757 1639 910 1728 quicquid
931 1646 1092 1728 tractent,
1116 1640 1156 1706 ob
1174 1639 1287 1706 oculos
1308 1637 1392 1702 habe

241 1725 428 1815 commoda,
454 1729 640 1793 rectissima
670 1729 928 1812 brevissimoque
951 1728 1007 1794 via
1029 1725 1071 1790 ad
1098 1728 1198 1792 vitam
1221 1722 1392 1790 redundan

240 1833 302 1882 nec
324 1815 417 1900 operi
444 1815 541 1880 alieni
564 1813 754 1880 industriam
778 1833 872 1880 suam
894 1812 1100 1900 impendere,
1133 1811 1219 1898 quod
1249 1829 1313 1880 non
1330 1817 1392 1876 'sta

240 1901 399 1987 praebeat
418 1901 498 1966 talia
517 1902 675 1987 praemia,
695 1903 812 1987 quibus
831 1901 899 1966 vitu
921 1899 984 1978 irai
1002 1897 1112 1968 liceat.
1152 1898 1304 1980 Valeant,
1325 1896 1354 1959 si
1374 1915 1392 1980 p

242 1988 318 2052 siut.
350 1987 473 2052 Litoris
492 1987 568 2072 illis,
585 2005 667 2072 quas
684 1988 849 2072 extemplo
869 1985 1123 2072 proscriberent,
1140 1985 1170 2048 si
1185 1987 1334 2069 potestas
1351 1999 1392 2046 eso

241 2093 323 2138 suus
340 2078 451 2138 tamen
469 2071 571 2138 stabit
589 2079 623 2138 et
640 2075 675 2144 in
693 2079 860 2158 posterum
880 2072 982 2142 honos
1002 2068 1064 2146 nec
1084 2069 1257 2136 defuturos
1274 2085 1352 2134 esse
1372 2085 1392 2130 o

242 2158 326 2262 fido,
349 2159 404 2244 qui
425 2159 468 2223 iis
490 2159 675 2226 incumbant
698 2165 734 2224 et
756 2158 961 2228 delectentur
983 2158 1150 2246 vitamque
1171 2173 1290 2242 regere
1313 2152 1392 2218 discr

242 2243 385 2315 Proinde
406 2246 505 2310 etiam
526 2251 559 2311 in
582 2263 621 2311 eo
642 2246 811 2314 literarum
831 2263 973 2330 genere,
1004 2247 1100 2329 cujus
1123 2261 1256 2308 causam
1277 2239 1392 2304 theson

214 2359 216 2362 >
241 2333 313 2417 agit
335 2337 458 2419 noster,
481 2331 658 2400 academiis
680 2333 804 2398 nostris
821 2335 966 2416 juvenes
990 2333 1147 2396 affuturos
1170 2347 1246 2394 esse
1266 2343 1374 2411 spero,

170 2459 173 2471 ·
241 2417 377 2484 assidue
401 2424 435 2497 et
458 2437 531 2486 curn
552 2419 661 2487 fructu
684 2419 818 2485 audiant
838 2407 1077 2505 doctoresh),
1106 2422 1260 2501 tauquam
1280 2413 1312 2476 iu
1331 2427 1392 2494 spe

243 2506 308 2570 lum
333 2506 363 2568 in
381 2505 543 2590 publicam
561 2507 763 2590 apostolicae
786 2506 976 2588 veterisque
994 2503 1156 2568 ecclesiae
1174 2499 1375 2582 disciplinam
1391 2531 1392 2536 κ

242 2591 408 2676 inspicere
425 2591 595 2678 jubentes,
617 2595 664 2674 nt,
684 2591 713 2654 si
731 2608 791 2654 suo
810 2589 948 2674 quisque
969 2593 1116 2674 tempore
1129 2585 1174 2652 ad
1195 2584 1323 2670 publica
1342 2599 1392 2646 ecr

243 2677 314 2741 siae
337 2693 471 2740 munera
494 2675 625 2740 evocati
649 2675 785 2762 suerint,
817 2673 941 2740 medios
963 2675 1050 2741 inter
1070 2673 1233 2759 homirreS,
1257 2668 1392 2756 quales*

184 2828 187 2833 ,
243 2767 314 2828 'stra
349 2765 443 2828 aetas
473 2760 557 2849 lert,
596 2779 755 2828 novarum
794 2779 901 2828 rerum
938 2759 1198 2828 studiosissimos
1226 2775 1290 2823 nou
1319 2771 1392 2841 pant

167 2871 169 2875 ’
243 2864 330 2934 quae
351 2847 392 2912 ad
416 2861 532 2933 pacem
554 2841 717 2913 ecclesiae
739 2836 899 2936 publicam
924 2845 1123 2916 servandam
1145 2859 1323 2929 veramque
1347 2842 1392 2927 pie

120 2975 125 2980 -
188 2945 191 2954 '
244 2941 310 3002 tem
337 2933 509 3002 fovendam
531 2935 722 3023 necessaria
749 2936 832 3021 siut,
863 2939 897 3001 et
928 2934 1012 3004 tueri
1042 2933 1149 3001 sciant
1171 2937 1205 2998 et
1227 2947 1289 2996 sua
1310 2929 1392 3013 ipsor

243 3023 316 3088 «vita
337 3019 575 3086 commendare.
778 3059 780 3064 .
893 3099 894 3106 ἵ
949 3039 977 3062 ·’

277 3105 280 3111 ’
314 3103 557 3193 nppcudicem
579 3107 774 3196 literarium,
803 3125 899 3193 quam
921 3105 1125 3192 alphabetico
1149 3106 1182 3170 iu
1202 3101 1340 3187 siugulis
1363 3115 1392 3170 ct

245 3193 332 3260 tibus
355 3191 469 3259 ordine
489 3200 624 3260 servato
645 3193 773 3282 adjeci,
807 3193 922 3259 harum
942 3189 1293 3260 literarumstudiosis
1320 3193 1392 3252 nonl

229 3287 374 3364 ¹gratam
406 3279 478 3349 iore
506 3281 684 3346 arbitratus
713 3301 797 3346 snm.
844 3280 945 3347 Plura
975 3281 1008 3345 iu
1035 3297 1077 3348 ea
1106 3277 1327 3363 reperientur,
1359 3290 1392 3357 qu

244 3366 421 3434 thesaurus
426 3413 444 3454 ,
474 3368 530 3456 qui
561 3368 736 3454 praecipue
768 3365 810 3434 de
839 3365 935 3434 festis
963 3363 1227 3434 ‹christianoruu
1257 3361 1392 3445 tempori

334 3625 362 3703 *)
385 3625 464 3688 Huic
484 3627 530 3688 rei
554 3627 631 3690 oroai
655 3625 726 3688 lora
744 3636 872 3706 ternpore
892 3625 1050 3706 prudenter
1072 3610 1258 3706 prospectum
1282 3626 1326 3679 est
1347 3638 1364 3678 a
1383 3635 1392 3680 ι

247 3712 352 3788 doctis,
376 3713 532 3776 edentibus
552 3713 656 3790 libros,
675 3713 706 3776 in
725 3713 833 3794 quibus
851 3713 964 3792 primae
983 3711 1082 3780 liacao
1100 3727 1197 3769 reram
1213 3708 1250 3768 ad
1270 3701 1392 3785 disciplir

244 3799 394 3862 eeclesiae
414 3801 521 3869 ueteris
543 3801 690 3880 publicum
714 3801 906 3880 spectantium
929 3802 1033 3860 ductae
1057 3804 1134 3859 snut.
1171 3791 1217 3856 Eo
1237 3791 1351 3852 nomiae
1373 3812 1392 3862 eq

244 3887 430 3952 mandandus
454 3897 499 3948 est
523 3887 598 3961 liber
621 3905 724 3950 recens
747 3885 870 3966 aprelo
902 3894 929 3945 ot
953 3885 1056 3946 bonu-o
1073 3881 1172 3960 fragis
1197 3879 1321 3958 plenus:
1352 3875 1392 3944 Gr

247 3973 378 4049 rieke,
401 3972 441 4036 H.
463 3974 501 4042 Ε.
521 3973 574 4052 F„
599 3974 758 4048 Lohrbuuh
779 3976 831 4034 der
854 3965 1209 4034 christlich-hirchlichoa
1232 3961 1392 4032 Archaooln

247 4061 390 4140 Leipzig,
414 4059 635 4124 Gohauorsrhc
654 4059 769 4122 Brruhh.
796 4056 889 4124 1847.
919 4057 986 4120 Xll.
1007 4077 1037 4118 n.
1062 4055 1124 4118 346
1145 4053 1178 4114 S.
1202 4072 1249 4132 gr,
1258 4052 1295 4112 .8.
1317 4053 1348 4127 (l
1369 4051 1392 4111 T

134 4210 136 4214 ,
243 4147 291 4210 20
307 4146 398 4228 Ngr.)
425 4149 583 4230 perspicuo
607 4167 702 4210 reram
725 4145 922 4226 expositarum
947 4145 1049 4204 ordine
1072 4137 1204 4219 insignis
1227 4148 1255 4200 et
1277 4137 1392 4220 bonoilo

248 4254 312 4308 ιιιιιι
333 4235 518 4314 probantium
539 4256 577 4297 ex
598 4234 791 4316 scriptoribus
815 4231 1028 4300 ecclesiasticis
1049 4228 1169 4290 delecta
1186 4225 1344 4288 instructas
1364 4223 1392 4286 ad

245 4339 307 4404 ,qne
328 4321 456 4424 diqans,
487 4323 536 4403 qai
560 4323 591 4384 iu
614 4321 774 4392 academiis
797 4319 863 4382 aira
885 4321 1036 4382 doctorum
1058 4333 1129 4384 uoce
1155 4311 1282 4380 abecias.
1297 4329 1392 4391 exponi

242 4408 661 4505 Mwmm·
1391 4439 1392 4442 ι
