2982 4892
255 262 323 328 m
724 259 760 324 ll.
777 258 814 323 ll.
833 258 1011 326 Wetusdarl

258 438 326 502 culo
343 435 559 510 attiusetncto,
576 431 715 496 commta
727 433 797 496 elien
808 431 918 509 itidem,
933 438 968 497 ut
982 429 1069 496 hodie
1083 451 1211 514 queque,
1228 431 1325 496 locum
1337 431 1487 514 obtinnit5

258 545 334 610 quae
349 523 391 586 ibi
408 535 458 587 aut
475 523 504 583 in
530 521 650 602 lastigie
667 521 896 604 supervolitaret
918 533 970 584 eut
984 521 1016 584 iu
1030 521 1125 584 lreute
1140 539 1248 602 corpas
1274 519 1413 602 erigeret
1439 531 1488 584 ant

256 616 334 676 intus
359 612 388 672 iu
414 619 570 672 curvatura
591 611 723 690 peridem
757 620 808 672 ant
832 631 869 672 ex
894 607 984 690 plane
1010 607 1147 690 prodiens
1171 606 1251 670 velut
1275 609 1305 670 iu
1332 620 1487 672 oratorem

256 702 456 764 descenderet.
501 698 544 760 bc
560 697 618 758 diri
636 696 684 760 rix
703 705 815 778 petest,
833 705 972 778 quantum
990 694 1156 776 elegantiae
1172 715 1243 777 prae
1259 715 1294 757 ee
1309 695 1391 760 ferat
1409 698 1486 760 haec

258 789 387 869 Spiritus
405 780 509 866 figura,
529 802 601 846 auro
618 783 744 866 plurimo
758 785 887 862 inducta,
903 786 1035 866 pendens
1051 783 1081 846 in
1097 803 1170 846 cero
1183 783 1286 866 ciborii
1303 803 1401 866 super
1418 806 1484 846 uru-

257 880 350 950 bone,
367 873 417 956 qui
434 871 572 936 exaltari
589 875 776 953 protuberet,
801 871 832 934 iu
849 872 957 954 templo
972 882 1074 936 nostro
1097 872 1284 948 academico,
1309 882 1482 936 restaurato

254 964 411 1043 illoquaru
428 959 685 1042 splendidissime,
707 961 764 1024 nisi
781 961 860 1043 quod
884 960 983 1044 priore
998 962 1197 1024 venerandae
1208 959 1396 1042 antiquitatis
1416 981 1481 1022 mu-

255 1060 393 1116 numeatu
409 1049 520 1110 amissa
536 1047 751 1111 desiderantur.
1203 1083 1207 1088 .

284 1169 287 1178 ,
343 1135 389 1198 llli
405 1155 474 1198 rere
491 1136 643 1211 umbones,
660 1135 770 1218 quibus
783 1133 869 1198 uella
886 1135 1022 1216 imposita
1039 1143 1103 1198 erat
1119 1131 1220 1198 ciborii
1238 1134 1366 1217 speeies,
1386 1156 1406 1198 a
1424 1158 1481 1217 qua

256 1232 435 1306 tegerentur,
453 1223 616 1288 columban
632 1224 662 1285 in
680 1224 775 1286 fronte
791 1223 937 1303 adpictum
951 1223 1119 1288 habuerunt
1134 1223 1174 1302 *).

341 1314 404 1376 Nec
416 1313 619 1394 episcoporum
636 1312 799 1386 cathedras,
816 1310 972 1392 dequibus
988 1311 1035 1372 illi
1048 1331 1266 1392 nonnumquam
1277 1313 1315 1373 ad
1331 1311 1477 1393 populum

253 1401 343 1466 rerba
359 1399 518 1477 faciebant,
535 1399 689 1462 columbae
706 1399 837 1480 imagine
855 1399 998 1476 seruisse,
1016 1398 1145 1463 declarat
1156 1409 1376 1462 monumentum
1390 1399 1478 1478 illud,

254 1492 329 1571 quod
350 1489 462 1570 Rornae
485 1488 517 1550 in
531 1484 701 1548 Marcellini
718 1497 747 1551 et
762 1486 842 1548 Petri
856 1487 1018 1566 Martyrum
1035 1487 1208 1550 coemeterio
1225 1486 1348 1551 aBosio
1368 1509 1478 1569 reper-

254 1590 314 1638 tnru
337 1577 374 1638 alr
392 1573 541 1638 Paullo
566 1573 743 1654 hringho
770 1573 925 1636 exhibetur
943 1572 1000 1654 *⁸,).
1045 1575 1120 1636 Natu
1139 1573 1222 1640 imao
1238 1595 1383 1638 marmore
1402 1595 1478 1636 eon-

235 1662 542 1744 'spicitureatherlra
564 1661 762 1742 episcopalis,
787 1661 873 1743 enjus
897 1661 929 1724 iu
951 1669 1033 1740 parte
1058 1682 1170 1726 summa
1187 1661 1316 1724 constitit
1332 1662 1477 1724 columba

256 1751 419 1814 diademate
436 1749 580 1821 redimita,
597 1749 728 1830 Spiritus
744 1770 770 1813 s.
787 1757 891 1818 nemus
908 1767 992 1829 opem
1011 1758 1097 1829 atque
1113 1748 1315 1814 adsistentium
1331 1749 1407 1822 ***).

340 1840 383 1902 lta
401 1837 489 1900 etiam
503 1837 673 1922 inambone
691 1855 776 1900 sacro
792 1859 851 1898 non
869 1847 927 1899 tarn
944 1846 1081 1916 ornatus,
1106 1857 1191 1918 quarn
1209 1837 1472 1900 commonefactie-

252 1927 298 1990 uis
315 1925 421 2004 gratia,
440 1923 539 1986 locum
557 1923 663 1986 etelim
680 1923 783 1987 habuit
800 1935 828 1986 et
842 1923 929 1985 hodie
949 1924 1039 1986 habet
1052 1923 1198 2002 columba.
1231 1925 1304 1986 Nam
1322 1932 1354 1986 ut
1366 1927 1474 1987 decto-

251 2033 299 2075 res
329 2012 385 2092 ipsi
410 2015 564 2072 ambonem
589 2021 691 2072 saneto
721 2010 818 2072 enirm
842 2012 1022 2074 adscendere
1045 2032 1080 2072 ac
1103 2011 1159 2074 Dei
1182 2009 1358 2078 volontatem
1389 2023 1472 2076 reete

168 2101 172 2108 '
251 2099 433 2160 auditoribus
456 2097 639 2176 interpretari
665 2099 786 2158 debent:
812 2097 852 2159 ita
877 2099 980 2160 horum
1006 2097 1132 2160 elicium
1153 2109 1197 2162 est
1219 2099 1369 2182 cogitare,
1393 2101 1470 2162 nihil

252 2189 398 2248 doctorem
427 2207 465 2247 ex
488 2184 595 2264 spiritu
618 2184 731 2265 privato
754 2183 850 2265 loqui,
876 2187 927 2248 sed
954 2206 1029 2268 quae
1046 2207 1064 2248 a
1081 2186 1194 2268 Spiritu
1210 2187 1243 2250 S.
1265 2209 1317 2268 per
1338 2198 1424 2252 rates
1442 2199 1471 2252 et

250 2273 411 2356 Apostolos
428 2273 542 2343 tradita,
558 2271 664 2334 litteris
679 2272 854 2350 consignata
869 2271 1043 2336 habeamus.

336 2362 381 2424 Ab
399 2361 522 2422 ambone
537 2360 597 2440 jam
614 2362 651 2421 ad
681 2360 811 2422 altare
829 2361 1047 2440 progredimur,
1065 2362 1229 2423 columbam
1246 2361 1275 2424 iu
1292 2383 1327 2426 eo
1344 2373 1468 2444 specta-

251 2449 320 2511 turi.
364 2449 460 2526 Quam
485 2447 536 2508 diu
556 2447 648 2528 igitur
670 2447 775 2510 altaria
800 2447 868 2509 olim
893 2447 965 2510 nihil
983 2447 1005 2510 a*
1017 2457 1101 2530 tergo
1126 2447 1215 2512 altius
1231 2459 1467 2531 superstructum

248 2538 411 2612 habebant,
435 2537 486 2598 sed
510 2555 628 2597 mensae
650 2541 759 2596 tantum
777 2535 927 2612 eraut,·iu
946 2533 1042 2619 media
1062 2557 1183 2609 mensa,
1207 2549 1322 2618 praeter
1344 2539 1468 2620 signum

249 2623 355 2694 crucis,
378 2625 503 2702 liguram
522 2621 675 2685 columbae
692 2643 810 2685 auream
827 2623 873 2686 rel
890 2633 1076 2704 argenteam,
1102 2624 1181 2686 intus
1206 2646 1323 2702 cavam,
1348 2627 1466 2708 antiqui

249 2709 408 2780 christiani
428 2709 552 2789 positam
574 2709 749 2772 habuerunt.
794 2711 842 2772 Ex
869 2732 927 2790 que
946 2721 1045 2774 autem
1063 2711 1094 2772 in
1110 2711 1254 2773 altaribus
1277 2715 1313 2774 de
1338 2725 1468 2796 quatuor

248 2795 393 2877 columnis
410 2815 538 2876 surgens
557 2796 758 2858 umbraculum
784 2806 911 2860 ereetum
938 2808 983 2860 est
998 2799 1052 2876 †),
1077 2798 1174 2876 coepit
1199 2819 1346 2880 suspensa
1371 2822 1408 2864 ex
1428 2823 1465 2864 ee

248 2883 384 2970 columba
401 2882 487 2946 altari
502 2883 652 2947 imminere
670 2884 756 2966 eique
771 2883 853 2947 velut
869 2898 1070 2968 supernatare.
1113 2887 1228 2949 Doecnt
1247 2907 1311 2950 eam
1328 2910 1390 2952 reru
1408 2911 1465 2954 ve-

313 3105 344 3172 1)
365 3105 472 3172 Qualem
493 3105 650 3172 Sophienum
668 3107 802 3158 umbonem
819 3109 966 3175 descripsit,
987 3125 1018 3160 ec
1035 3108 1216 3164 deliueuudruu
1235 3114 1337 3164 curavit
1358 3113 1461 3166 Gare-

224 3207 227 3212 -
246 3175 299 3225 lus
320 3175 359 3223 du
379 3173 510 3223 Fresue
531 3175 723 3238 Cortstuntiunp.
744 3176 908 3226 conmanere
925 3177 943 3227 1.
964 3176 1013 3228 111.
1030 3194 1055 3245 p.
1074 3180 1117 3231 119.

312 3241 360 3306 **)
379 3245 475 3290 Romae
492 3241 608 3294 Satisne.
626 3240 657 3292 Τ.
677 3241 710 3293 11.
730 3259 756 3309 p.
772 3245 807 3296 29
824 3252 851 3294 et
869 3247 937 3310 3623
974 3247 1019 3298 ubi
1045 3245 1143 3298 uultus
1158 3249 1184 3299 iu
1201 3265 1233 3300 eo
1250 3257 1305 3315 est,
1324 3257 1354 3300 ut
1371 3259 1459 3304 osteu-

243 3310 297 3366 dat.
321 3307 418 3373 ingenti
437 3310 560 3376 mysterio
576 3311 655 3372 deri,
682 3318 712 3362 ut
731 3313 877 3378 pontificiae
900 3315 1180 3368 cathedrae-insideat
1203 3319 1337 3372 columber
1362 3321 1457 3388 quippe

243 3393 309 3446 quae
327 3377 497 3444 intuentium,
524 3385 576 3430 tum
595 3381 694 3444 oeulis,
710 3387 768 3432 tunt
794 3383 884 3435 animis
905 3384 1027 3446 insinuet,
1046 3383 1167 3452 Spiritum
1189 3385 1215 3437 S.
1231 3387 1332 3452 jugiter
1353 3398 1457 3455 apesto-

241 3447 384 3498 licneeedi
403 3445 474 3498 Petri
491 3460 621 3512 praeesse.
659 3448 711 3500 Nee
737 3450 828 3512 urirrrm
850 3459 903 3514 est,
932 3453 1058 3504 bemineru
1085 3454 1127 3520 qui
1151 3451 1239 3519 (Tem.
1259 3455 1279 3507 l.
1298 3471 1356 3523 pag.
1379 3457 1457 3524 155.)

240 3515 335 3567 bellurn
363 3515 457 3567 Caes.
483 3515 629 3569 Barouii
653 3518 766 3573 tabulam
795 3521 826 3569 de
844 3519 913 3572 Petri
940 3521 1064 3574 cathedra
1082 3519 1212 3586 homene,
1232 3540 1265 3574 ex
1283 3523 1352 3588 ligno
1371 3525 1454 3591 laeta,

241 3585 344 3650 egregie
371 3600 465 3636 eruere
492 3586 590 3650 potuit,
616 3586 647 3636 de
676 3587 853 3656 episcoporum
884 3589 1053 3641 electionibus
1084 3591 1217 3642 columbae
1249 3593 1345 3644 iudicio
1375 3595 1453 3646 luctis

240 3655 317 3706 etde
336 3653 454 3705 columbe
472 3652 591 3716 Gregorii
609 3651 644 3704 hl.
665 3657 771 3707 auribus
788 3655 922 3708 adsidente
940 3659 1021 3710 ruulta
1038 3660 1218 3725 superstitiose
1237 3675 1354 3712 narrare.

307 3737 371 3800 ***)
390 3737 454 3790 Nem
474 3738 598 3788 Esaias
624 3747 697 3792 vates
721 3757 746 3790 c.
764 3742 808 3794 61.
833 3741 951 3807 spiritura
974 3743 1075 3795 Domini
1101 3746 1139 3796 alt
1161 3759 1240 3812 super
1261 3744 1358 3798 llesaiu
1381 3763 1450 3816 esse,

239 3823 312 3873 quem
330 3815 435 3858 unctum
455 3806 520 3857 Jove
538 3807 659 3871 misisset,
679 3809 711 3859 ad
730 3809 799 3860 laete
821 3809 940 3877 inopibus
959 3813 1109 3865 nuntirmda.
1129 3813 1199 3865 lderu
1219 3822 1260 3866 est
1278 3814 1387 3882 Spiritus
1410 3817 1450 3884 S.‚

238 3891 255 3926 u
272 3891 321 3942 qno
340 3891 387 3926 uus
409 3877 442 3927 ad
459 3876 540 3928 omnis
561 3876 616 3926 veri
634 3877 769 3930 seientiam
788 3878 898 3930 ducendi
916 3896 1012 3936 snmus.

306 3941 430 3995 Ceterum
460 3945 492 3994 de
517 3944 677 3996 Amdouidun
706 3954 748 3996 aet
774 3947 898 3998 ecclesius
920 3950 983 4002 dise.
1017 3957 1104 4002 exstat
1132 3951 1208 4004 Cbr.
1237 3949 1449 4019 Weidliugii

236 4009 308 4076 Lips.
332 4013 408 4066 1687.
430 4014 456 4064 4.
492 4011 598 4064 buiriis
617 4013 672 4075 ugit
689 4014 767 4065 etiam
792 4015 891 4068 Rern.
918 4016 1104 4070 Ferrarius
1131 4021 1246 4072 librante
1265 4023 1447 4076 ttr'tusacrur.

234 4079 359 4128 ecclesiae
383 4088 432 4130 oet.
459 4082 605 4130 emaum
628 4097 654 4147 p·
675 4084 735 4138 356.
759 4089 788 4136 et
812 4083 884 4139 lob.
909 4086 1005 4140 Andr.
1031 4088 1230 4144 Solmidius
1258 4089 1383 4158 disquisit.
1416 4093 1448 4144 de

235 4147 367 4199 cathedris
386 4147 516 4198 domorum
532 4157 653 4200 curma.

288 4230 437 4312 salutes
456 4233 551 4296 figures
577 4237 644 4304 apud
667 4235 736 4288 lob.
763 4237 922 4302 Vogtiuru
946 4241 979 4293 de
996 4244 1142 4293 Arruntem
1168 4260 1193 4312 p.
1212 4243 1271 4297 145.
1298 4245 1358 4300 item
1378 4249 1446 4314 apud

233 4299 586 4366 eos,qu1urbrsllomuneo
606 4307 701 4372 templa
721 4307 922 4376 descripserunt.
957 4308 984 4360 ls
1004 4319 1089 4364 nutem
1111 4314 1155 4380 qui
1183 4313 1316 4362 brulium
1335 4319 1362 4368 S.
1382 4320 1447 4366 Ma.

231 4370 291 4419 adue
307 4368 424 4435 trajani
433 4367 596 4450 Liberiannru
615 4375 821 4441 splendidissimo
841 4393 918 4446 opere
928 4377 1022 4431 Rornae
1035 4396 1083 4432 au
1105 4384 1180 4434 lttat.
1201 4381 1329 4448 exposuit,
1347 4383 1446 4436 Paul·

232 4437 349 4488 lusde
368 4436 525 4501 Angelis,
551 4443 658 4496 exbibet
673 4444 818 4498 columban
836 4449 957 4516 expensis
978 4449 1027 4502 elis
1046 4449 1179 4516 fastigium
1201 4449 1295 4506 dborii
1313 4453 1385 4520 quusi
1406 4462 1445 4507 te·

232 4513 334 4575 senuna
353 4512 431 4577 atquo
449 4506 644 4568 obumbrantem
660 4528 687 4585 p.
705 4515 751 4578 itt).
764 4553 781 4580 ·.
891 4569 894 4578 ,
977 4559 980 4566 .
1043 4561 1047 4568 .
