2944 4904
782 744 879 876 ιιιι.

229 1039 343 1174 Ern.
374 1081 510 1169 Frid.
537 1075 862 1166 Wornsdorl
878 1077 932 1162 de
945 1073 1174 1187 originibus
1194 1073 1454 1160 sollennium

247 1271 249 1276 ·
287 1219 439 1310 natalis
470 1213 628 1304 Christi
657 1240 713 1302 ex
741 1211 969 1302 festivitate
998 1209 1151 1299 aetolis
1181 1209 1391 1328 invioti*).

308 1451 518 1530 Quaestionem
536 1451 573 1510 ‹lo
589 1446 790 1522 sollennibus,
809 1447 915 1528 quihus
932 1441 1041 1508 natalis
1061 1443 1170 1507 Christi
1189 1443 1352 1525 antiquitus
1371 1447 1452 1508 eele-

231 1539 399 1616 hratus'sit,
417 1539 472 1598 hoo
484 1537 555 1597 loeo
578 1537 647 1597 iarle
663 1534 898 1610 illustrahirans,
923 1541 956 1594 ul
981 1531 1144 1612 gentilium·
1159 1532 1317 1595 festivitate
1340 1534 1452 1595 natalis

231 1627 348 1704 invioti,
376 1644 452 1707 aquae
477 1645 537 1686 seo.
561 1643 591 1702 p.
609 1621 678 1684 Chr.
697 1643 725 1682 n.
743 1619 793 1684 lV.
826 1621 939 1682 Rornae
955 1623 1051 1683 adlatae
1067 1618 1210 1698 obtinuit,
1236 1619 1313 1681 haur
1340 1622 1451 1683 natalis

232 1716 340 1778 Christi
358 1711 560 1774 solennitatem
578 1711 720 1771 inreotara
741 1727 807 1769 esso
825 1710 1022 1769 ostendamus.
1044 1716 1049 1726 ‘

319 1799 395 1864 lllnrl
411 1798 505 1878 igitur
520 1798 594 1859 satis
614 1803 736 1872 constat,
753 1814 848 1875 neque
866 1794 1013 1856 Christum
1031 1813 1065 1854 eo
1090 1793 1137 1855 die
1155 1803 1252 1854 natant
1278 1814 1366 1872 esse,
1395 1817 1451 1877 qno

182 1919 184 1926 ·
231 1883 340 1952 natalis
353 1888 419 1970 ejas
434 1883 520 1945 hodie
536 1883 709 1958 celebratur,
728 1903 822 1962 neque
841 1889 964 1960 releresq
980 1883 1056 1961 qnod
1073 1880 1103 1939 ia
1120 1880 1283 1942 harodiora
1300 1883 1452 1944 sollennia

100 2007 104 2016 =
201 2011 203 2016 ·
232 1980 308 2039 haeo
326 1973 557 2047 constituerunt,
584 1991 619 2032 eo
642 1971 724 2031 illnrn
750 1988 803 2048 pro
828 1989 896 2030 vero
922 1968 1012 2029 natali
1036 1967 1204 2030 Servatoris
1230 1969 1386 2050 recepisse
1403 1981 1453 2031 aut

232 2065 319 2125 etiarn
337 2060 437 2121 haberi
455 2057 597 2120 voluisse.
633 2058 799 2136 Seriptores
814 2056 891 2116 saori
909 2055 985 2117 ‹lienr
1002 2054 1098 2130 nohis,
1116 2065 1148 2116 ut
1165 2054 1305 2118 credibile
1324 2065 1380 2134 ost,
1399 2077 1451 2119 sa-

232 2147 415 2232 pientissimo
433 2145 557 2205 oonsilio
573 2143 763 2206 reticuerunt.
793 2143 894 2223 Neque
910 2141 1066 2223 Apostolos
1082 2141 1241 2222 quidquam
1255 2145 1291 2205 de
1305 2141 1342 2204 eo
1361 2145 1451 2206 Chri-

233 2235 341 2299 stianis
358 2253 457 2295 noram
482 2231 671 2312 praecepisse
698 2237 818 2310 oportet,
846 2251 944 2310 quara,
970 2229 1020 2314 qni
1045 2234 1149 2290 eorum'
1169 2233 1452 2312 temporaproxiare

232 2324 424 2402 attingebant,
440 2319 478 2380 iis
497 2319 583 2400 plane
593 2319 655 2380 dies
664 2316 892 2396 illeinoognitus
901 2316 966 2394 luit,
979 2327 1007 2378 et
1016 2335 1075 2378 see.
1085 2337 1113 2396 p.
1125 2315 1193 2378 Chr.
1204 2337 1233 2377 n.
1245 2317 1280 2381 ll.
1288 2309 1450 2400 περιεργό-

233 2429 324 2491 repon
341 2408 457 2490 qullam
473 2407 504 2466 in
523 2427 589 2468 earn
605 2406 811 2487 inquirendum
831 2413 978 2484 putarant.
1011 2400 1068 2464 Per
1083 2401 1138 2464 tria
1155 2401 1270 2484 quidem
1282 2403 1385 2484 prima
1402 2427 1452 2468 se-

199 2497 203 2506 *
234 2498 301 2559 sula
322 2517 381 2558 non
406 2494 544 2574 legimns,
571 2515 635 2555 outa
658 2493 689 2554 in
714 2490 841 2556 eoelesia
863 2491 970 2553 lostam
988 2512 1022 2552 ae
1045 2489 1209 2552 sollennern
1226 2491 1332 2568 luisse,
1350 2513 1450 2573 neque

234 2603 352 2657 rausas,
368 2603 459 2662 quare
477 2591 536 2641 ιιιιιι
557 2580 716 2641 Christiani
735 2585 771 2641 nh
789 2581 853 2660 ejus
871 2578 1067 2639 celebratione
1085 2577 1283 2640 abstinuerint
1290 2625 1297 2655 ,
1322 2579 1451 2658 ignora-

189 2735 192 2756 Ι
234 2690 308 2730 ruas.
333 2669 369 2726 Vt
385 2670 469 2743 adeo,
486 2667 600 2727 etiarnsi
617 2677 684 2727 ante
701 2665 923 2744 cognitissimus
939 2665 1063 2741 fuisset,
1090 2664 1154 2745 ejus
1171 2676 1266 2726 ιιιιιιιιι
1284 2675 1365 2727 corta
1384 2689 1451 2729 mo-

229 2755 326 2816 rnoria
341 2751 555 2830 longinquitate
571 2763 740 2830 temporum,
767 2751 791 2812 si
809 2771 867 2811 non
884 2750 999 2830 penitus
1016 2750 1144 2826 interire,
1166 2759 1196 2813 at
1217 2749 1303 2812 laoile
1320 2755 1452 2831 potuerit

235 2838 397 2902 obscurari.
433 2837 562 2898 Orientis
578 2837 745 2914 Christiani,
765 2837 814 2917 qui
832 2857 931 2899 verram
950 2837 1024 2898 diora
1043 2847 1071 2898 et
1087 2845 1198 2918 ternpus
1215 2835 1323 2899 natalis
1335 2839 1450 2902 Christi

234 2920 352 3000 rectius,
370 2945 455 3006 quam
475 2923 672 2986 aoniaenrales
688 2925 823 2986 videntur
842 2922 1068 3004 scinopotuisse‚
1086 2923 1251 2986 memoriam
1267 2927 1327 2988 nati
1337 2925 1450 2988 Christi

235 3025 262 3077 et
278 3035 330 3094 por
346 3012 506 3076 Johauneur
536 3010 671 3090 baptizati
696 3011 819 3090 primurn
844 3009 1020 3092 conjunctim
1047 3011 1093 3072 dio
1118 3013 1149 3073 5.
1170 3012 1299 3094 januarii
1324 3013 1451 3090 arensis,

234 3100 356 3176 deinde,
379 3107 498 3177 recepto
523 3117 600 3158 more
625 3117 763 3172 romano,
788 3097 914 3158 aalalera
942 3096 1051 3159 Christi
1075 3099 1232 3176 separatim
1249 3100 1296 3160 die
1312 3099 1366 3162 25.
1386 3103 1450 3162 deo.

234 3185 429 3250 celebrarant.
462 3182 522 3244 Sed
540 3203 627 3262 quarn
644 3195 740 3264 aequo
757 3183 930 3262 evangelion
946 3186 982 3248 tle
1004 3183 1153 3251 nativitate
1180 3184 1290 3249 Christi
1318 3187 1451 3248 narratio

150 3325 157 3334 .
233 3271 310 3332 istud
328 3274 448 3331 brumae
465 3276 578 3349 ternpus
594 3272 734 3348 admittat,
753 3282 789 3346 et,
807 3271 856 3352 qai
876 3292 913 3332 ex
930 3271 1144 3352 antiquioribus
1162 3271 1272 3352 pariter
1289 3293 1324 3336 eo
1341 3295 1451 3335 recen-

235 3357 357 3418 tiorihns
374 3355 405 3416 iu
428 3356 632 3436 investigando
650 3357 808 3420 nativitatis
824 3357 933 3420 Christi
960 3369 1088 3438 ternpore
1113 3358 1265 3438 ingenium
1288 3359 1450 3440 periclitati

234 3455 318 3518 suat,
343 3442 511 3506 autumnale
535 3442 607 3504 illud
633 3456 683 3506 aut
698 3467 817 3506 vernam
834 3445 928 3506 luisse
952 3452 1065 3525 ternpus
1088 3445 1248 3522 inveniant,
1275 3467 1350 3527 quae
1375 3448 1450 3508 ratio

234 3535 350 3596 tandem
368 3541 481 3594 veteres
499 3530 594 3606 arrovit,
611 3541 642 3592 ut
658 3533 689 3592 in
706 3532 780 3595 diona
798 3533 850 3594 25.
867 3533 1070 3593 donnanae
1089 3531 1196 3594 Christi
1214 3531 1363 3612 figendum
1382 3534 1452 3595 oxi-

177 3615 179 3620 ’
235 3618 408 3684 stimarent?
420 3616 463 3696 **)
483 3617 562 3679 Sane
578 3617 652 3678 ratio
668 3620 742 3681 haeo
759 3619 823 3698 snit,
841 3621 917 3698 quorl
934 3619 1041 3680 natalis
1057 3618 1174 3695 iavloti,
1191 3640 1209 3680 a
1227 3619 1352 3700 paganis
1372 3641 1451 3699 geu-

235 3706 313 3768 tihns
330 3727 364 3768 eo
381 3704 427 3767 dio
445 3703 586 3766 oelehrari
598 3705 713 3782 solitus,
732 3705 827 3783 aliter,
846 3725 935 3785 quarn
951 3705 1241 3768 institutaohristiani
1255 3707 1451 3769 festisolleu-

233 3833 465 3848 w

304 3925 332 3988 *)
351 3925 458 3991 Prodite,
479 3926 554 3996 Unio.
575 3925 662 3978 vireo.
682 3942 769 3994 progr.
785 3927 817 3977 erl
835 3926 894 3980 lost..
912 3928 976 3980 Chr.
999 3933 1065 3992 nuh,
1087 3925 1172 3983 Vileb.
1192 3929 1270 3982 1757.
1292 3927 1319 3980 4.

303 3991 349 4055 **)
370 3993 498 4045 observat
517 3994 548 4045 h.
567 3993 648 4058 Pupi
666 3997 761 4058 ¹(Crr't.
781 3999 809 4047 ιιι
830 3998 942 4047 annales
958 3999 1062 4048 aaron.
1082 3993 1113 4046 Τ.
1133 3995 1153 4046 l.
1166 4013 1191 4062 p.
1211 3999 1268 4059 58.)
1287 3999 1345 4049 dies
1365 4000 1451 4063 festos

236 4063 335 4116 Christi
352 4063 527 4130 deiparaeqao
554 4065 679 4128 Virpt'aio‚
697 4065 757 4114 itant
776 4067 976 4117 aartioerearioo
992 4067 1019 4116 e'a
1038 4067 1238 4130 arartprolopiie
1256 4067 1378 4133 sipontoe
1399 4083 1452 4118 nort

234 4131 1451 4263 *ttttthtlhlltlhtttt'tttlt„t“⁶lt⁸rtt}atttltlt'ntl'tl‘tal:

234 4215 433 4332 ¹opportunitate
452 4266 632 4331 constabilito,
652 4268 692 4318 ita
712 4285 729 4318 o
746 4238 866 4330 fidolibire
884 4218 1093 4332 colelioreator,
1115 4275 1144 4320 ot
1162 4219 1190 4320 iit
1207 4221 1373 4336 fidei⁹potin¹s
1393 4287 1451 4320 aro-

234 4349 341 4400 rornqae
356 4340 520 4399 proventiam,
540 4348 617 4400 qoam
636 4336 663 4386 ia
681 4338 831 4400 praecisam
847 4339 947 4388 ‹lierara
965 4337 1174 4388 observationem
1185 4337 1366 4390 oolllrrearoat.
1387 4337 1451 4387 Pro·

233 4401 303 4454 lixas
323 4407 364 4454 est
383 4400 409 4450 in
429 4402 645 4476 argumentohoo
663 4401 815 4454 illustrando
836 4403 867 4455 li.
886 4402 922 4457 M.
940 4402 1194 4458 Florentiuias
1221 4406 1260 4466 ad,
1274 4413 1368 4460 oetoet.
1393 4423 1448 4458 oco.

234 4471 296 4524 eorl.
317 4469 491 4537 manyrohp.
508 4469 741 4536 Hieronpmioaom
758 4487 784 4540 p.
808 4472 866 4530 199.
