2982 4892
151 285 287 378 'fauo
467 311 469 319 ’
607 317 608 324 ¹
682 306 722 372 a.
740 305 778 372 r.
792 305 978 372 unane

222 483 347 552 Publica
363 479 462 564 perid
477 480 592 562 tempus
609 497 695 543 sacru
705 469 932 564 'frequentarunt
956 488 986 545 et
996 471 999 476 ’
1010 485 1271 566 commemorarunt
1287 468 1327 541 ad
1344 473 1439 564 μεγά-

222 579 290 638 λεια
308 567 365 632 τοῦ
388 565 531 648 (daumio
548 567 723 632 exaltatione
744 561 961 652 &cundpoiuov
980 569 1135 648 vindicata,
1158 567 1297 632 laudibus
1316 577 1346 631 et
1367 591 1439 650 pre-

224 662 309 724 cibus
325 655 462 740 publicis.
499 657 603 720 Partes
620 677 770 721 sacrorum
787 657 929 722 librorum
945 659 1095 742 quasdam,
1111 655 1244 740 inprimis
1260 657 1440 738 apostolicas

222 747 392 832 passiones,
424 747 462 806 ab
488 744 626 826 episcopo
651 746 698 810 vel
722 747 890 830 presbytero
915 745 1033 830 publice
1058 745 1242 830 praelectas,
1269 745 1440 824 audiebant,

221 837 369 902 mentibus
384 831 607 912 miraculorum,
628 855 681 914 per
696 833 854 916 Apostolos
871 836 910 898 ad
926 834 1155 898 confirmandum
1171 830 1368 914 Euangelianr
1385 855 1440 916 pa-

222 937 374 1000 tratorum,
389 921 655 984 commemorationi
672 921 803 986 intentis.
1333 962 1335 966 -

309 1027 384 1095 Nam
400 1027 492 1089 Actus
516 1023 694 1108 apostolicos
717 1026 814 1108 perid
831 1035 943 1110 tempus
959 1027 1019 1110 legi
1036 1025 1245 1104 morislnisse,
1271 1027 1310 1091 ex
1332 1025 1441 1090 illustri

223 1119 347 1201 quadam
365 1111 657 1180 Theodosium
680 1114 747 1198 iege
764 1111 794 1198 *l
819 1125 901 1178 etex
919 1115 1202 1199 Chrysostnmo
1220 1113 1440 1196 **),⁸iaprimis

221 1206 277 1270 illa
292 1203 512 1284 homilia,·qnae
528 1200 891 1284 respondeatquaeetioui,
908 1223 960 1265 cnr
972 1203 1002 1265 ic
1020 1201 1188 1285 pentecoste
1200 1202 1273 1264 Acta
1289 1202 1438 1283 legantur,

222 1291 407 1374 intelligitur,
425 1290 654 1372 Augustino
672 1289 731 1370 ***)
749 1301 777 1353 et
794 1279 1048 1372 Cassiano'†)
1066 1289 1143 1352 idem
1160 1289 1386 1354 affirmantibus.

309 1397 459 1461 Putabant
474 1415 541 1460 esse
558 1393 633 1457 illud
650 1403 763 1478 tempus
784 1393 973 1458 sollennioris
989 1395 1179 1474 adorationis,
1196 1417 1254 1478 qno
1271 1397 1376 1458 deceat
1393 1418 1440 1459 rc-

222 1483 322 1552 colera
344 1482 513 1548 memoriam
536 1477 758 1546 consuetudinis
780 1483 904 1547 ducatis
928 1482 1037 1548 Christi
1061 1504 1125 1546 unm
1148 1483 1298 1566 Apostolis
1321 1483 1439 1560 aretiis

224 1572 422 1647 credentibus,
439 1592 526 1652 porro
551 1569 701 1632 celebrare
724 1571 881 1634 servatoris
901 1572 1081 1654 majestatem
1100 1567 1354 1654 praesentiamque
1371 1573 1440 1652 glo-

206 1661 320 1734 riosae
343 1659 490 1744 potentiae
514 1669 542 1721 et
557 1657 780 1740 gubernationis
802 1657 947 1724 ecclesiae
964 1657 1074 1722 Christi
1094 1659 1290 1738 incessantis3
1313 1659 1438 1742 deniqne

223 1747 360 1830 uenerari
377 1745 518 1828 Spiritum
536 1745 569 1810 S.
585 1747 615 1811 iu
632 1745 751 1812 Petrina
770 1745 910 1810 concione
927 1747 1025 1812 Actor.
1041 1747 1078 1812 ll.
1094 1747 1309 1829 praedicatum,
1332 1747 1438 1830 elogiis

192 1845 254 1934 ‘ct
269 1833 532 1918 supplicationibus
549 1833 701 1916 institutis,
718 1918 723 1930 Ἴ

313 1939 392 2018 Quia
409 1947 479 2002 tuno
494 1948 605 2000 mentes
618 1938 672 2000 uei
685 1937 766 2000 cultu
782 1947 941 2020 occupatae
958 1957 1026 2004 esse
1043 1936 1275 2016 debebant,.urat
1291 1940 1351 2004 hou
1366 1951 1439 2006 tenr-
1482 1997 1483 2000 ,

222 2049 280 2112 pus
296 2047 412 2109 quoquc
427 2027 612 2104 iadatqeattae
627 2036 653 2088 a
670 2033 842 2092 renotationis
858 2025 930 2108 ᾖ),
955 2025 1006 2088 nbi
1022 2027 1197 2092 theatrorum
1212 2037 1300 2110 atquc
1316 2029 1440 2092 Circen-

224 2117 302 2180 sium
324 2114 460 2192 voluptas
482 2133 543 2178 non
564 2113 780 2178 concedebatur
795 2113 893 2192 †††),
923 2121 953 2176 et
973 2113 1063 2178 otium
1087 2136 1105 2178 a
1126 2114 1278 2181 laboribus
1301 2127 1365 2182 erat
1381 2118 1439 2198 †*),

225 2203 280 2266 etsi
296 2221 354 2264 nou
371 2201 412 2264 ab
425 2199 505 2264 omui
527 2220 616 2284 opere
638 2199 750 2264 seruili.
791 2201 878 2264 Nam„
889 2200 1014 2264 cessatio
1032 2221 1052 2264 a
1074 2201 1235 2276 laboribus,
1247 2223 1307 2266 noa
1323 2203 1439 2286 simpli-

125 2342 130 2348 .
225 2291 306 2370 citer,
329 2291 381 2352 sed
400 2288 431 2350 in
446 2305 539 2360 sensu
561 2297 729 2372 comparato
753 2287 927 2370 accipianda
946 2298 999 2370 est,
1015 2291 1093 2372 quod
1108 2289 1221 2356 seilicet
1237 2311 1255 2354 a
1272 2293 1441 2366 durioribus

224 2469 448 2492 *1-
519 2469 523 2476 “

224 2593 363 2656 Pootqaam
381 2591 478 2634 veterae
495 2578 614 2648 gloriam
628 2582 734 2632 subbati
747 2581 818 2652 jad,
834 2588 870 2634 ut
887 2579 978 2634 scribit
995 2581 1218 2646 Augustinus
1243 2573 1319 2636 serm.
1343 2587 1385 2641 25.
1408 2587 1439 2638 de

225 2663 316 2720 temp,
334 2655 363 2702 in
380 2653 446 2702 &em
458 2649 610 2700 dominicam
627 2653 797 2711 contulerant,
817 2659 856 2712 ut,
875 2653 944 2720 qaod
960 2652 1014 2716 ipsi
1030 2647 1059 2701 in
1072 2659 1144 2718 typo,
1163 2667 1210 2702 aas
1226 2653 1255 2702 ire
1271 2656 1382 2706 mate
1401 2673 1439 2706 ee-

223 2725 358 2785 debeamus,
378 2719 500 2770 sollennia
518 2725 575 2768 erat
594 2718 705 2770 cessatio
725 2735 741 2770 a
757 2719 899 2784 laboribus,
919 2721 1008 2785 statio,
1029 2721 1185 2773 abstinentia
1201 2721 1339 2790 sisinnio,
1361 2731 1438 2792 atque

225 2789 293 2853 ulia,
313 2803 378 2856 quac
399 2787 495 2838 omnia
511 2785 649 2838 observata
670 2787 695 2837 in
722 2789 942 2856 quinquagesima.
971 2805 996 2840 a.
1019 2789 1167 2840 Eusebii
1191 2792 1263 2842 Orata
1281 2793 1314 2841 de
1333 2795 1376 2842 die
1395 2795 1438 2844 do-

108 2893 116 2918 ,
223 2860 315 2908 minino
335 2871 391 2908 cunr
419 2856 561 2908 observutt.
578 2853 625 2907 Jo.
655 2855 744 2910 Guil.
770 2856 850 2909 lani
875 2859 944 2910 edita
970 2857 1041 2928 Lips.
1067 2861 1144 2914 1720.
1185 2858 1212 2910 d.
1260 2860 1439 2926 Binghami

225 2927 301 2994 orig.
319 2925 351 2980 T.
370 2921 417 2977 lX.
435 2941 463 2993 p.
485 2927 527 2977 13.
739 2951 743 2956 -
981 2947 983 2954 ’

293 3010 322 3075 i)
341 3009 411 3064 eon:
426 3011 444 3062 l.
465 3008 525 3062 XV.
544 3011 587 3061 tit.
606 2997 638 3062 V.
660 3009 690 3061 de
711 3013 876 3078 spectaculis.
894 3003 946 3076 leqss
965 3010 997 3066 V.
1014 3011 1132 3080 paschae
1158 3015 1235 3064 etiam
1262 3023 1288 3065 et
1312 3017 1440 3100 qm'aqaa·

221 3083 341 3150 gesimue
357 3081 448 3129 diebus
467 3079 603 3146 (quamdiu
622 3081 737 3130 coelestis
756 3083 840 3130 lamen
855 3083 959 3132 Moneri
976 3083 1107 3132 imitantia
1124 3085 1221 3134 'novam
1239 3093 1323 3134 samm
1342 3087 1440 3150 bapea-

224 3151 303 3200 matic
323 3151 403 3197 lucem
428 3149 580 3215 vestimenta
607 3155 755 3197 testantur:
788 3167 837 3217 quo
860 3157 973 3216 tempore
1002 3161 1027 3201 ct
1055 3153 1253 3204 commemoratio
1282 3157 1440 3219 apostolicae

222 3217 361 3284 passionis,
380 3217 459 3264 totius
477 3215 676 3266 christianitatis
693 3217 854 3282 magistrae,
873 3237 891 3266 a
910 3221 1008 3280 eunctis
1020 3221 1084 3290 jare
1103 3221 1261 3286 celebratur)
1280 3223 1351 3272 ommi
1366 3225 1440 3274 thea-

223 3295 328 3354 trorum¹
341 3293 418 3352 atque
437 3283 585 3332 oa‘recnsiam
603 3285 736 3350 uoluptate
750 3287 856 3352 populis
873 3288 1004 3354 denegata
1022 3298 1069 3346 etc.
1129 3299 1131 3304 ’

218 3396 254 3426 .,.
292 3368 337 3431 **)
359 3368 478 3420 Hamil.
503 3367 585 3433 LXVI
612 3387 639 3436 p.
656 3371 717 3427 849.
743 3371 805 3430 edit.
825 3371 958 3440 Francol.,
979 3375 1028 3430 ,ubi
1045 3377 1171 3428 rationem
1192 3375 1251 3441 dut,
1278 3393 1326 3428 eur
1343 3375 1370 3428 id
1389 3379 1440 3430 sol-

222 3441 300 3492 lenne
326 3438 404 3490 luerit
423 3439 448 3488 in
467 3409 686 3505 quiuqnaiesimn,
704 3458 806 3509 nempe,
826 3444 981 3510 quodquam
1000 3445 1027 3496 iu
1040 3445 1148 3510 singulis
1162 3446 1236 3498 iestis
1254 3462 1286 3498 eu
1302 3461 1336 3498 en
1355 3447 1438 3498 sacris

223 3510 298 3564 libris
317 3509 446 3574 legantur,
469 3523 535 3574 quoe
556 3509 581 3558 in
601 3509 708 3574 singulis
729 3512 880 3576 acciderint,
899 3519 928 3563 ut
946 3513 972 3566 iu
987 3515 1183 3580 quadragesima
1202 3530 1267 3582 quac
1287 3515 1319 3565 ad
1338 3517 1437 3582 passio-

224 3595 282 3632 nem
301 3579 452 3631 dominicam
471 3577 626 3644 pertineant,
649 3579 674 3630 in
694 3581 827 3646 paschate,
848 3596 913 3646 qnae
935 3581 967 3632 ad
987 3583 1219 3648 resurrectionem:
1240 3583 1276 3635 ita
1291 3582 1439 3652 hctahpo·

224 3649 348 3700 stolorum
367 3663 424 3698 esse
444 3646 554 3710 lugenda
574 3647 599 3696 in
619 3647 839 3714 quinquagesima.
876 3645 1016 3702 Historiam
1040 3652 1222 3709 miraculorum
1241 3667 1287 3720 per
1304 3651 1352 3702 ner
1376 3669 1437 3704 nun·

223 3718 283 3780 tios,
304 3717 365 3767 licet
384 3721 441 3783 post
459 3719 625 3781 pentecosten
644 3723 813 3782 patratorum,
835 3731 909 3784 quarn
929 3720 1096 3784 contineant,
1117 3737 1174 3772 esse
1193 3721 1436 3772 demonstrationem

223 3785 422 3836 resurrectionis
444 3783 603 3847 dominicae,
623 3800 656 3834 ex
676 3801 725 3850 qua
744 3785 859 3838 homiues
879 3786 975 3838 habere
994 3790 1093 3856 possint
1114 3791 1275 3846 manifestum
1293 3797 1320 3840 ot
1338 3789 1438 3841 indubi-

222 3857 308 3970 mel
323 3851 398 3975 ispius
415 3851 532 3977 myppgrii
550 3852 737 3920 probationem.
775 3853 816 3905 Gi.
836 3854 966 3924 Chryso
977 3865 1017 3909 st.
1036 3859 1126 3966 h'arrrii.x
1136 3861 1219 3916 iod-ia
1231 3862 1321 3912 Genea.
1336 3875 1365 3927 p.
1377 3859 1436 3916 369.

249 3921 317 3972 omi.
358 3925 384 3973 0.
404 3939 429 3988 p.
479 3925 482 3936 '
505 3958 511 3972 .
891 3920 894 3936 ‘

292 4002 349 4074 ***)
373 4011 460 4062 Trart.
479 4006 524 4070 Via
542 4008 571 4057 ia
587 4008 656 4058 John
670 4006 705 4059 X.
728 4007 776 4062 IX.
798 4013 824 4075 pi
842 4012 885 4066 36·

291 4092 326 4157 †)
346 4093 443 4147 Inscite.
462 4093 507 4147 lib.
524 4093 557 4145 ll.
577 4111 600 4145 c.
616 4095 643 4148 6.

221 4179 225 4202 ³
288 4176 349 4245 ἢ)
368 4175 403 4228 Ut
419 4177 687 4247 chrysostomus
705 4179 744 4230 ait
762 4179 856 4234 Hamil.
878 4183 904 4238 5,
925 4184 956 4234 de'
974 4183 1049 4236 Anna
1065 4190 1118 4236 torn
1137 4184 1170 4236 ll.
1192 4199 1218 4254 p.
1238 4187 1316 4242 1000.

240 4332 246 4344 ι
292 4262 367 4328 †††)
387 4262 458 4316 lianc
477 4267 649 4318 reverentiam
667 4266 759 4318 tribuit
778 4269 1003 4336 quinquagesimae
1021 4267 1190 4324 Theodos.
1209 4271 1273 4342 lmp.
1292 4273 1344 4339 leg.
1364 4289 1436 4344 supr.

223 4338 269 4384 ull.
292 4332 351 4384 Cod.
374 4331 497 4387 Theudae,
518 4335 550 4384 de
566 4335 728 4400 apostematis.
864 4341 866 4346 '
905 4349 908 4352 ·
1327 4351 1342 4372 e

291 4403 483 4500 †*)··Leqiturv
491 4428 631 4504 praecepta
657 4418 768 4474 cessatio
796 4421 964 4477 alaburibns
983 4423 1009 4476 in
1035 4411 1343 4495 Constithhpost.
1368 4427 1389 4480 1.
1410 4431 1434 4484 8.

223 4502 246 4550 c,
265 4491 307 4553 33,
329 4502 378 4545 την
403 4501 590 4569 uercqeoopov
609 4494 796 4560 upyetaauar,
822 4492 853 4544 od
875 4495 990 4564 Spiritus
1009 4498 1037 4548 S.
1061 4495 1198 4562 aduentum
1223 4513 1368 4550 eoncessum
1395 4497 1436 4566 iis,

222 4557 270 4623 qai
281 4559 311 4609 ia
329 4557 456 4611 Christum
473 4557 651 4614 credederunt·
743 4573 745 4577 ⁴
823 4566 825 4574 ’
943 4576 947 4582 ·
1016 4587 1021 4592 ’
