2944 4904
200 289 275 389 roe*
312 269 314 280 ¹
597 285 601 298 ’
709 313 736 378 r.
751 313 788 378 n.
810 293 911 378 mma

204 493 364 561 Christiani
382 493 457 554 diem
481 489 675 566 dominicum,
699 498 785 571 quem
813 494 919 552 statum
945 485 1090 564 nominat,
1106 489 1210 550 denote
1234 467 1422 548 celebrarint.
1458 553 1459 568 ,

12 629 15 636 .
100 602 105 618 ’
202 582 270 648 Non
289 571 1459 659 euimsolumcancrinumsirebymnoruminchristibonorerndecantato-'

101 737 103 742 s
203 663 345 748 comoed
364 668 448 732 etiam
466 663 650 738 sacramenti,
668 665 959 745 qnoseseadlidem
979 665 1190 736 obsecrandam
1211 662 1423 724 obstrinxerint
1458 731 1459 740 χ

205 769 233 820 et
249 775 302 840 per
319 750 395 838 quod
412 745 476 816 sirie
493 753 581 812 rlulrio
599 749 805 813 eucharistiam
832 773 898 814 cum
923 751 1068 832 baptismo
1086 747 1250 830 intelligere
1269 751 1423 826 debemus,

204 843 236 907 fit
252 843 366 914 rn'eutio,
383 841 440 900 imo
457 855 570 920 agapae
586 838 617 900 in
633 839 781 920 primaeua
798 839 924 901 ecclesia
948 838 1074 900 usitatius
1096 837 1174 900 lrand
1199 839 1323 901 obscure
1339 837 1423 896 indi·
1458 839 1459 910 j

206 939 318 993 rantur.
352 925 489 1008 Inprimis
506 947 572 987 reru
588 935 701 1006 tempus
720 927 924 989 antelucanum
941 925 1050 987 attendi
1073 935 1207 1001 rueretur,
1222 933 1289 1005 qbo
1307 935 1425 986 veteres

206 1015 362 1080 convenire
388 1007 531 1076 solebant.
573 1013 666 1074 Cuius
686 1015 799 1093 quidem
823 1015 897 1074 ritus
922 1028 1042 1074 causam
1068 1029 1124 1072 non
1149 1011 1179 1072 in
1205 1007 1426 1092 superstitione,

206 1107 258 1165 sed
274 1101 371 1184 potins
395 1098 426 1162 in
451 1101 553 1162 timore
569 1094 646 1162 haud
664 1100 807 1182 culpando
823 1101 918 1162 fuisse
934 1099 1067 1181 positam,
1090 1097 1179 1161 facile
1197 1097 1427 1180 perspiciemus,

206 1191 233 1254 si
250 1189 479 1264 consideramus,
498 1197 568 1270 quot
585 1187 759 1268 quantisque
776 1189 924 1250 aerumnis
942 1187 1179 1270 cruciatibusque
1199 1186 1306 1248 Christi
1323 1197 1429 1248 secta-

207 1285 328 1340 totcsu
356 1277 456 1358 primis
480 1275 705 1356 imperatoribus
729 1275 862 1356 profanis
888 1275 983 1356 pressi
999 1274 1119 1338 itterint.
1159 1273 1232 1336 Cum
1256 1275 1428 1354 igiturnon
1458 1317 1459 1324 κ

164 1357 167 1366 ’
208 1363 273 1427 sine
290 1364 391 1426 mertis
409 1362 538 1444 periculo
561 1357 688 1423 interdiu
711 1364 866 1425 conuenire
889 1369 1020 1443 possent,
1042 1363 1098 1424 lroe
1117 1370 1229 1442 tempus
1252 1361 1429 1423 nratbtluttnt

209 1455 245 1514 ad
263 1469 347 1513 sacra
365 1453 536 1534 peragenda
554 1451 712 1530 eligebant,
729 1461 761 1512 ut
773 1450 978 1531 imperatorum
994 1448 1145 1510 saeuitiam
1157 1449 1212 1510 luae
1228 1449 1341 1510 ratione
1361 1449 1431 1511 evi-

209 1546 313 1601 tarent.
348 1537 381 1599 Si
399 1556 467 1600 vero
485 1537 583 1600 mitius
598 1534 830 1618 clementiusque
842 1536 989 1618 principes
1001 1536 1048 1598 isti
1065 1536 1184 1618 profani
1195 1546 1267 1618 erge
1278 1535 1431 1598 (linistis-

209 1645 264 1688 nos
282 1635 365 1686 erant
381 1625 529 1706 propensi,
546 1626 601 1686 lras
619 1626 866 1704 congregationes
884 1626 970 1686 etiam
989 1633 1055 1706 post
1072 1623 1144 1685 solis
1162 1633 1254 1685 ortum
1271 1623 1431 1686 instituere
1456 1685 1459 1704 ,

210 1715 368 1777 audebant.
410 1713 472 1774 Sicx
486 1715 681 1796 observabant
703 1711 860 1774 Christiani
890 1712 966 1773 diem
995 1711 1170 1772 dominicum
1187 1711 1250 1772 snb
1274 1711 1433 1793 tyrannide

208 1803 416 1882 imperatorum
434 1799 588 1880 gentilium
613 1798 743 1861 nitentes
767 1798 1028 1879 vexationibnsque
1048 1798 1265 1860 continentibus
1287 1798 1435 1878 expositi.

210 1879 424 1968 lmperantibus
450 1904 519 1948 nero
545 1886 736 1949 Constantino
753 1887 796 1948 M.
814 1885 941 1968 aliisque
966 1885 1210 1967 impensionibus,
1244 1877 1304 1967 qui'
1319 1901 1431 1948 nornen

211 1975 328 2037 Christo
353 1975 468 2047 dabant,
493 1974 565 2035 nnec
588 1973 853 2043 solennita'ssetiam
871 1974 999 2053 tegibus,
1024 1984 1081 2034 term
1105 1973 1306 2053 imperialibus
1338 1991 1432 2054 quant

212 2061 432 2136 ecclesiasticis,
450 2059 544 2140 magis
561 2061 714 2142 magisque
731 2060 965 2126 ennlirmulmtur.
995 2061 1084 2121 'lunc
1101 2060 1207 2141 templa
1224 2061 1433 2148 etiamflst‘rue-

209 2149 327 2224 bantur,
348 2147 455 2228 quibus
474 2152 634 2208 conuentus
654 2147 755 2229 majori
775 2147 977 2210 commoditate
992 2157 1128 2231 poterunt
1145 2147 1335 2228 frequentari.
1370 2149 1435 2211 His

212 2233 367 2297 exhilarati
385 2231 492 2296 cultum
510 2233 660 2314 publicum
680 2252 715 2294 eo
733 2234 917 2316 licqu'entius
930 2236 1148 2298 continuabant.
1181 2233 1287 2298 Multis
1298 2237 1327 2296 in
1341 2233 1433 2311 locis,

211 2319 383 2404 praesertim
400 2320 429 2380 in
447 2320 608 2402 majoribus
626 2321 770 2399 ccelesiis,
798 2325 856 2384 dun
881 2333 1031 2385 sermones
1051 2323 1098 2384 die
1115 2322 1260 2384 rlotninieo
1275 2325 1435 2385 nolebam
1458 2387 1459 2396 ,

145 2461 149 2466 .
211 2409 264 2486 lul,
292 2407 450 2470 matutinus
475 2409 504 2470 et
521 2409 714 2488 vespertinos,
733 2419 943 2492 nonnunquam
968 2424 1036 2474 roro
1051 2409 1117 2472 loco
1134 2411 1305 2492 posterioris
1323 2419 1434 2491 preces

212 2497 297 2582 nrorlo
316 2491 524 2572 tundebantur,
544 2499 618 2576 quae
636 2495 707 2557 tami
724 2497 961 2577 aestirnabautur,
985 2509 1026 2572 ut,
1044 2498 1069 2559 si
1087 2499 1154 2580 quie
1171 2497 1356 2575 inveniretur,
1376 2500 1434 2578 qui

212 2583 266 2646 bas
290 2589 394 2662 preces
418 2600 561 2662 spernens
586 2583 732 2662 publicas,
759 2599 810 2645 eas
835 2585 931 2665 potius
955 2585 1031 2646 dorni
1051 2585 1230 2649 existimaret
1254 2603 1319 2646 esse
1334 2600 1433 2666 pera-

214 2665 376 2750 gendas*),
408 2667 594 2729 uehementer
619 2665 888 2750 reprehenderetur.
929 2669 1071 2734 Homines
1095 2673 1267 2736 necessitate
1290 2691 1348 2732 non
1374 2687 1436 2733 ur-

213 2763 302 2834 gente
319 2745 457 2815 solennes
478 2763 637 2815 concentus
655 2756 841 2834 negligentes
867 2761 903 2818 ab
928 2759 1054 2822 ecclesia
1070 2760 1261 2836 fnotabrmtur.
1297 2759 1436 2822 Omissio

216 2835 314 2902 cultus
332 2839 440 2922 publici
461 2861 511 2926 per
536 2849 595 2902 tres
620 2841 682 2904 dies
708 2842 869 2905 dominicos
894 2843 1029 2907 delictum
1052 2857 1115 2910 erat
1131 2847 1459 2911 excorrrmunicatione'

177 2933 178 2936 ’
215 2925 401 3008 dign'rrm**l.
437 2926 469 2990 Si
486 2927 553 3008 quis
570 2929 721 2991 sacerdote
736 2930 874 3012 loquente
891 2931 1017 2996 ecclesia
1033 2937 1232 3014 egrederetur,
1251 2951 1344 3016 poena
1362 2935 1438 2996 affi-

209 3008 428 3092 I'cicbntur'**).
461 3013 573 3077 sacrae
588 3018 803 3097 congregatoni
820 3022 973 3096 accedens,
1000 3031 1031 3082 ut
1050 3022 1259 3102 seripturarum
1276 3019 1437 3086 lectionem

179 3103 183 3113 “
214 3103 343 3177 audiret,
370 3101 484 3180 precari
511 3111 606 3163 autem
624 3103 651 3164 el
668 3124 803 3166 sscoeua
826 3106 868 3166 uti
895 3126 1053 3185 recusans,
1070 3109 1440 3190 excommmunicetur-ll

209 3188 248 3248 'Si
266 3187 332 3268 quis
349 3187 472 3271 seorsim
497 3197 669 3252 ereremum
692 3191 810 3254 baberet
827 3203 876 3255 out
893 3192 1092 3274 frequentaret
1115 3207 1143 3257 et
1159 3196 1303 3271 laudaret,
1326 3197 1459 3260 linere?

214 3274 292 3336 tirus
308 3271 353 3334 vel
373 3273 476 3335 saltem
496 3269 699 3340 sebisrnatieus
716 3275 958 3362 habebatur††).
984 3281 1131 3363 lejnnium
1148 3303 1182 3346 en
1201 3283 1352 3365 die'plane
1371 3299 1442 3350 erat

152 3397 156 3406 α
201 3359 391 3442 protritrlrom
409 3369 437 3421 et
451 3356 526 3423 illud
543 3361 711 3442 instituens,
738 3366 768 3426 iu
782 3367 983 3448 suspicionem
1000 3369 1133 3430 haeresis
1148 3369 1281 3448 ueniens,
1306 3373 1442 3436 anathe-

215 3455 293 3510 mate
310 3445 577 3530 temtatur†††),
595 3443 664 3532 qnia
680 3453 763 3514 muni
777 3453 930 3532 xlraereriei,
948 3467 980 3516 ut
995 3455 1175 3534 Manichaei,
1193 3457 1391 3534 Marcionitae
1414 3475 1459 3526 er

207 3527 467 3612 Priscillianum,
492 3539 571 3598 lrunc
597 3539 672 3600 di'em
697 3541 852 3603 esurialer'n
877 3543 1026 3622 putabant.
1068 3543 1177 3606 Omnes
1199 3543 1277 3622 lites,
1297 3546 1442 3611 actiones

213 3619 350 3712 dorenses
367 3619 543 3704 decretaque
562 3623 689 3704 judicum
715 3647 766 3708 pur·
782 3629 986 3709 imperatorem
1010 3630 1234 3694 Constantinum
1250 3633 1293 3696 Μ.
1309 3625 1360 3696 die
1377 3629 1459 3698 n0-'

164 3789 167 3796 1
214 3707 323 3770 tninieo
336 3713 522 3788 'notabamus
542 3712 614 3772 solis
632 3713 669 3774 iis
685 3715 827 3795 *exeeptis
845 3729 920 3797 quae
938 3717 1092 3780 absolutae
1105 3718 1292 3782 necessititlis
1311 3727 1340 3782 et
1354 3725 1440 3786 ear-in

211 3795 282 3856 tntis
308 3807 407 3874 erant,
424 3805 457 3857 nt
481 3812 630 3863 serrorum
660 3803 861 3864 rnannmis'sin.
903 3804 998 3881 Qum
1021 3809 1059 3866 eb
1084 3815 1204 3868 eausam
1235 3807 1444 3888 promulgarit

213 3879 322 3962 legem,
338 3883 465 3963 dignam,
475 3899 569 3982 (quem
586 3885 764 3969 allegemus:
798 3895 876 3952 Stant
892 3893 1114 3971 tndtptrtretmum
1125 3897 1286 3974 'ddelntnr,·
1297 3899 1372 3960 ditm
1387 3917 1442 3964 so-

284 4153 614 4255 :p'clrrysoqtomus
632 4161 701 4212 lrorii.
720 4163 746 4216 3.
767 4163 793 4214 in
816 4161 848 4216 ll.
870 4163 912 4216 ad.
932 4133 1024 4216 Thess.
1086 4127 1091 4142 Ι

250 4309 255 4318 ·
282 4223 697 4356 *reri'll'e.¹il'n⁰.³le²ln.
716 4295 759 4351 re.

282 4360 318 4428 †)
338 4360 402 4412 lbid.
422 4378 480 4414 een.
502 4369 544 4420 27.

281 4429 336 4496 ††)
357 4431 438 4483 Cone.
459 4425 555 4496 Gange.
576 4447 633 4484 con.
653 4434 731 4488 5-6.

244 4537 246 4542 -
282 4497 363 4569 †††)
384 4499 449 4552 lbid.
469 4515 517 4552 cun
539 4501 579 4554 18.
