2916 4904
397 287 433 348 dc
454 286 531 366 festo
553 265 737 349 ascensionis
757 282 886 352 Mariae.
1204 287 1246 354 51

28 457 117 518 nanis
135 465 168 518 et
184 475 256 519 vera
273 463 318 517 est
332 458 490 540 sententia)
506 461 534 521 h.
551 459 701 540 Virginem
727 467 755 523 et
771 458 922 521 mortalem
941 465 969 520 et
984 477 1087 520 revera
1103 471 1247 524 mortuam

27 539 164 621 statuunt,
183 546 237 606 sed
256 546 293 605 de
309 565 419 624 genere
435 547 536 608 mortis
561 548 719 628 disputant.
752 547 810 609 Alii
827 549 856 609 h.
872 545 1023 626 Virginem
1040 547 1175 628 martyrio
1194 569 1247 611 co-

28 645 155 693 ronatam
176 641 291 712 putant,
309 653 370 696 see..
386 634 460 696 Luc.
471 633 503 711 2,
520 635 572 695 35.
606 635 665 696 Sed
683 633 734 697 alii
752 635 861 697 rectius
880 635 995 712 docent,
1013 643 1103 696 morte
1121 635 1248 698 naturali

28 720 132 782 obiisse
152 727 186 781 et
201 739 220 780 a
237 728 327 780 morte
343 717 373 780 in
392 721 489 784 coelos
505 731 664 784 assumtam
690 724 785 804 quoad
810 721 947 784 animam.
979 719 1069 782 Coelo
1086 719 1162 783 enirn
1178 721 1248 786 illa-

27 816 75 868 tam
92 807 229 868 animam
246 809 275 868 h.
291 806 422 888 Virginis
440 829 524 869 neruo
543 807 608 889 pius
627 809 754 886 dutritat3
779 811 831 872 sed
848 811 882 871 de
901 829 934 871 eo
952 807 1122 890 subjudice
1140 808 1176 871 lis
1195 821 1248 888 est,

27 916 58 955 an
74 895 101 958 h.
120 894 222 974 Virgo
240 903 351 956 mortua
374 898 469 976 quoad
486 917 594 976 corpus
618 896 656 958 sit
679 897 853 958 resuscitata
878 905 905 957 ct
922 915 1043 976 corpore
1062 907 1090 958 et
1105 895 1203 960 aniura
1218 897 1249 958 in

28 981 117 1044 coelos
134 983 308 1044 subuectal
337 983 481 1044 Pontificii
500 984 615 1065 quidem
632 983 786 1064 affirmant,
803 987 854 1046 sed
872 983 952 1045 nullo
969 981 1148 1065 antiquitatis
1165 983 1250 1047 testi·

28 1070 113 1130 monio
130 1067 264 1134 suffulti.
284 1069 381 1149 Vulgo
398 1072 471 1132 riuos
487 1083 600 1134 veteres
614 1071 784 1152 scriptores,
797 1063 995 1152 Augustinum
1011 1073 1112 1151 (serm.
1126 1073 1154 1136 l.
1166 1079 1194 1134 ct
1208 1073 1250 1150 2.,

30 1159 51 1217 si
67 1149 164 1219 tament
194 1167 263 1218 suut
287 1157 461 1239 Augustini)
487 1167 516 1220 et
531 1158 738 1240 Hieronymum
756 1159 799 1239 (in
819 1180 864 1240 ep.
882 1161 919 1222 ad
934 1157 1074 1232 Paulum)
1091 1155 1147 1220 hac
1165 1159 1201 1221 de
1217 1179 1251 1222 re

30 1247 242 1307 commendant.
275 1243 335 1305 Sed
352 1255 473 1327 uaeque
490 1267 550 1307 rem
568 1245 665 1307 timide
689 1246 796 1309 asserit
819 1256 847 1308 et
864 1246 959 1307 solorrr
986 1253 1069 1327 putat
1085 1265 1250 1326 congruum

31 1333 129 1410 inisse,
158 1341 197 1392 ut
222 1333 252 1394 h.
280 1331 372 1411 Virgo
396 1332 427 1392 in
460 1331 599 1414 sepulcro
624 1353 681 1394 non
708 1344 906 1418 putresceret,
929 1334 980 1394 sed
1006 1332 1071 1395 vira
1095 1331 1125 1393 in
1150 1333 1251 1396 coelos

31 1427 202 1481 sumeretur.
238 1417 368 1480 Historia
384 1420 566 1482 ascensionis
582 1420 698 1483 Mariae
713 1421 744 1482 in
761 1420 911 1484 coelos-
927 1427 1007 1502 puta,
1023 1421 1100 1502 quod
1116 1417 1249 1502 Apostoli

31 1529 120 1568 omnes
147 1527 192 1568 ex
217 1508 287 1566 orbe
304 1507 342 1566 acl
368 1507 476 1568 obitum
494 1510 522 1571 h.
538 1505 670 1587 Virginis
695 1508 754 1570 sint
778 1505 910 1584 poliecti,
936 1510 1013 1589 quod
1031 1506 1167 1570 Salvator
1182 1529 1249 1571 cunr
1358 1555 1361 1574 .

31 1594 137 1676 angelis
157 1593 332 1675 apparuerit
348 1593 530 1675 animamque
546 1595 646 1656 matris
663 1595 844 1677 susceperit,
867 1597 943 1676 quod
961 1593 1110 1657 lohannes
1127 1606 1250 1677 aposto-

31 1682 71 1743 lus
85 1681 247 1744 victricem
262 1677 388 1761 palmam
405 1681 502 1744 funeri
526 1683 714 1762 praetulerit,
742 1685 819 1764 quod
844 1682 982 1745 feretrum
999 1684 1078 1745 uuho
1094 1682 1132 1745 sit
1148 1693 1250 1746 conte·
1290 1700 1296 1712 ¹

32 1781 97 1831 etum
115 1770 151 1830 in
171 1765 251 1831 valle
261 1769 400 1850 iosaphat
416 1769 590 1850 depositum,
608 1773 686 1850 quod
703 1769 797 1832 triduo
815 1779 882 1852 post
899 1765 1036 1832 Salvator
1053 1789 1159 1852 corpus
1177 1791 1250 1833 sune

30 1858 121 1919 matris
140 1858 183 1917 de
201 1854 311 1916 tumulo
328 1855 513 1918 suscitaverit
538 1867 646 1918 etcum
671 1857 769 1919 anima
794 1857 903 1919 uultum
921 1855 950 1917 in
970 1856 1081 1919 coelum
1099 1857 1252 1920 sustulerit

30 1945 140 2026 sihique
154 1963 175 2004 a
186 1942 298 2004 dextris
308 1943 449 2005 locaverit
460 1955 514 2006 etc.
530 1981 567 1991 -
579 1953 647 2022 tota,
657 1945 785 2028 inquam,
795 1947 869 2007 haec
885 1943 1009 2006 historia
1025 1965 1062 2005 ex
1073 1942 1159 2006 lihris
1175 1963 1250 2025 apo-

32 2033 145 2114 cryphis
162 2030 256 2112 petita
271 2040 316 2092 cst
335 2041 362 2093 ct
377 2031 524 2094 tribulosa.
557 2033 661 2094 Solent
676 2055 764 2114 porro
781 2031 927 2094 Pontificii
945 2034 1048 2094 eodem
1066 2029 1141 2094 iesto
1157 2031 1250 2095 lasci-

34 2119 109 2182 eulos
128 2120 289 2181 herbarum
306 2121 342 2180 hd
360 2119 497 2200 ternplum
521 2121 653 2197 deleme,
671 2121 778 2202 quihus
804 2119 984 2198 consecratis
1008 2118 1100 2182 virtus
1126 2117 1249 2201 fugandi

34 2207 197 2284 diabolum,
213 2205 372 2284 veneficia,
389 2206 512 2269 fulmina
539 2207 635 2270 inesse
663 2209 807 2286 creditur,
830 2209 855 2270 si
875 2229 912 2269 ex
927 2206 1027 2270 herbis
1052 2205 1118 2270 istis
1135 2207 1251 2270 suffitus

35 2295 108 2359 hant.
140 2291 219 2356 Blnc
235 2293 318 2356 idem
330 2293 435 2356 festum
452 2315 510 2357 non
530 2301 639 2356 tanturn
656 2295 764 2358 festum
782 2294 984 2372 domuitionis,
1009 2293 1197 2356 assumtionis
1223 2299 1252 2355 et

38 2381 214 2444 ascensionis
230 2381 357 2460 Mariae,
374 2384 424 2444 sed
443 2391 471 2446 ct
486 2382 594 2452 festum
610 2383 765 2444 herbarum
783 2381 840 2442 dici
864 2379 949 2443 solet.
981 2381 1090 2445 Verum
1107 2379 1182 2441 haec
1197 2399 1252 2442 su-

36 2467 171 2549 perstitio
186 2477 235 2532 est.

118 2553 280 2618 Festum
303 2553 615 2629 Bartholomaei.
655 2553 728 2617 Bics
746 2550 969 2616 Bartholomaeo
994 2571 1079 2614 sacer
1096 2549 1127 2612 iu
1143 2550 1252 2636 vicesi7

39 2665 107 2706 tunm
125 2653 262 2724 quartum
278 2644 397 2723 angusti
413 2643 524 2706 incidit.
555 2643 647 2705 Fatua
665 2651 725 2720 cst,
743 2639 996 2704 Bartholomaeum
1013 2661 1050 2702 ex
1068 2634 1156 2724 Syria
1171 2639 1253 2722 regis

39 2731 193 2805 Ptolomaei
220 2730 311 2793 lilium
335 2731 429 2794 fuisse
460 2732 585 2812 ideoque
611 2731 719 2792 dictum
741 2747 781 2792 ‘vn
803 2727 922 2812 (filiurn)
946 2725 1126 2804 Ptolomacl3
1157 2727 1207 2792 alii
1234 2747 1254 2792 a

39 2813 91 2905 chry
105 2819 273 2900 suspendit,
288 2833 346 2902 neap
364 2839 468 2899 aquae,
480 2831 511 2881 ut
527 2819 566 2881 sit
582 2817 661 2880 lilius
678 2817 884 2898 suspendentis
900 2837 1003 2898 aquas,
1014 2815 1064 2878 alii
1079 2813 1171 2878 lilium
1187 2815 1252 2878 sul-

39 2925 132 2968 comm
149 2907 389 2987 interpretantur.
423 2906 500 2983 Quin
519 2918 547 2968 et
562 2907 681 2983 addunt,
698 2926 789 2966 unum
804 2903 1061 2966 Bartholomaeurn
1079 2903 1155 2964 inter
1170 2902 1252 2984 Apo·

38 2995 122 3057 stolos
140 2991 271 3058 nobilem
285 2993 390 3055 fnisse.
422 2994 481 3055 Sed
506 2993 676 3055 iarnahaec
700 2993 784 3054 fallit.
815 2993 891 3053 Nam
909 3001 1037 3072 tempore
1055 2987 1163 3052 Christi
1180 2988 1255 3065 Pto-¹

39 3080 136 3145 lomaei
163 3101 224 3142 uon
250 3085 413 3160 regnarunt
435 3081 466 3141 in
484 3081 588 3164 Syria,
614 3083 665 3143 'sed
684 3079 714 3141 in
731 3082 864 3160 Aegypto
883 3099 970 3157 reges
986 3079 1115 3141 suerunt.
1148 3074 1255 3140 Verior

39 3181 75 3230 est
90 3169 249 3245 sententia,
265 3167 517 3230 Bartholomaenrn
536 3167 650 3248 origine
666 3169 808 3229 Judaeum
827 3177 855 3228 et
871 3187 906 3228 cx
925 3165 1061 3229 Galilaea
1075 3164 1181 3241 fuisse,
1196 3183 1254 3225 ua·

39 3265 89 3318 tum
108 3268 194 3337 patre
212 3252 369 3333 Tholmai,
395 3255 472 3318 nude
490 3255 546 3336 ipsi
573 3277 676 3317 nornen
695 3252 922 3316 Bartholomaei.
953 3253 1025 3315 Post
1049 3250 1254 3318 ascensionem

39 3343 143 3406 Christi
166 3341 411 3407 Bartholomaeus
437 3343 466 3403 in
485 3343 595 3404 ludianr
619 3341 707 3417 ahiit,
734 3361 791 3422 quo
815 3340 949 3401 veniente
972 3339 1081 3400 idolum
1098 3337 1255 3420 Astharoth
1282 3377 1284 3383 ι

39 3442 172 3512 aegrotos
188 3429 309 3506 ¹destitit
333 3447 439 3492 sanare
465 3449 589 3510 cumque
611 3427 724 3510 aegroti
741 3430 777 3488 ad
795 3425 875 3488 aliu'd
892 3423 1001 3484 idolum
1020 3424 1128 3485 dictum
1143 3425 1255 3485 Balach
1325 3453 1326 3460 .

40 3511 227 3596 afferrentur,
244 3517 396 3598 respondit
411 3521 543 3594 oleaster,
561 3517 618 3580 sihi
636 3513 709 3577 nihil
725 3513 851 3594 amplius
869 3511 976 3588 licere,
1002 3507 1078 3592 quod
1103 3509 1255 3590 apostolus

40 3607 213 3669 advenisset.
255 3605 311 3666 His
338 3604 454 3666 auditis
473 3611 526 3667 rex
549 3601 700 3687 Polymiu's
724 3599 814 3664 filiam
838 3597 998 3660 lunaticam
1017 3595 1149 3678 apostolo
1166 3595 1254 3676 misit,

41 3715 120 3774 qaam
136 3691 385 3756 Bartholomaeus
409 3692 544 3754 restituit.
574 3691 723 3754 Restituta
747 3687 809 3749 lilia
832 3685 1074 3768 rex‚apostolum
1092 3687 1127 3747 ad
1145 3685 1256 3747 idolum

39 3781 196 3844 Astharoth'
218 3779 348 3858 deduxit,
366 3799 403 3842 ex
420 3801 476 3860 quo
494 3777 589 3842 statim
605 3779 733 3840 Satanas
750 3775 848 3856 igneis
862 3774 974 3836 catenis
987 3772 1162 3835 constrictus
1180 3793 1256 3855 apo-

39 3869 137 3930 stolico
159 3869 250 3951 jussu
274 3866 344 3928 exiit
366 3878 394 3927 ct
419 3887 503 3928 snum
527 3866 591 3946 ipsc
614 3863 726 3928 idolum
753 3861 931 3925 comminuit.
964 3861 1031 3938 Quo
1048 3859 1126 3922 facto
1152 3859 1258 3923 offensi
1322 3895 1327 3902 -

41 3957 206 4019 sacerdotes
225 3953 325 4015 Indiae
349 3957 385 4016 ad
410 3953 491 4034 regis
508 3953 625 4015 fratrem
639 3953 795 4034 Astyagen
813 3957 1034 4026 concurrerunt,
1052 3969 1153 4030 regem
1171 3967 1256 4011 suurn

42 4043 238 4107 Christianum
263 4042 371 4102 inactum
390 4050 419 4102 et
434 4043 607 4102 subversum
627 4039 738 4100 idolum
763 4037 892 4120 graviter
908 4034 1069 4116 conquesti.
1112 4038 1257 4118 Astyages

43 4129 296 4192 Bartholomaeum
314 4127 487 4190 accersitam
510 4125 662 4209 quaesivit,
674 4149 727 4189 cnr
743 4129 814 4188 deos
832 4131 973 4187 everteret
984 4133 1011 4184 et
1024 4142 1123 4206 regem
1135 4143 1258 4204 perver-

44 4219 135 4280 teretl
153 4215 332 4298 Respondit
343 4213 602 4277 Bartholomaeus:
627 4221 686 4295 Ego
709 4237 758 4276 neo
784 4223 872 4276 everto
890 4231 937 4272 nco
962 4223 1102 4292 perverto,
1125 4211 1174 4271 sed
1189 4229 1258 4271 oon-

43 4317 121 4369 oerto.
157 4307 237 4368 Bam
262 4304 319 4365 ista
341 4303 470 4385 loquitur
495 4301 677 4384 apostolus,
692 4301 812 4363 nuntius
829 4300 928 4375 adest,
954 4298 1004 4380 qui
1020 4298 1125 4374 refert,
1149 4295 1258 4356 idolum

44 4391 149 4456 Balach
166 4391 304 4455 similiter
320 4391 497 4455 concidisse.
524 4389 607 4452 'lum'
620 4411 689 4454 vero
701 4391 849 4470 Astyages
867 4384 965 4448 scissa
980 4405 1112 4467 purpura
1137 4389 1259 4478 appsto-

44 4477 102 4545 lun
123 4479 235 4566 pugnis
259 4499 379 4544 caesum
394 4478 491 4546 vivurn
516 4477 661 4544 excoriari
683 4477 769 4559 jubet
784 4486 813 4540 et
829 4472 1009 4540 excdhiatum
1035 4469 1128 4550 eapite
1145 4473 1258 4541 nonunt,
1295 4493 1300 4506 =

406 4565 412 4574 .
458 4567 463 4575 .
844 4563 851 4574 ,
1009 4568 1055 4630 4*
