2986 4894
711 1181 905 1331 -ιιιιιιι,
1000 1216 1045 1233 ..
1107 1131 1108 1138 ‘

215 1482 253 1574 J.
283 1474 358 1570 W.
398 1475 668 1592 Suringar
709 1475 762 1558 de
799 1402 977 1586 publicis
1008 1401 1197 1558 veterum
1228 1465 1442 1558 Christia-

601 1639 754 1700 norum
783 1609 978 1724 precihus
991 1601 1045 1718 t).

305 1834 422 1915 optat
438 1828 779 1916 pommeranorum
794 1827 920 1910 patmum
936 1823 1078 1898 tertona,
1094 1823 1165 1906 qun
1182 1827 1220 1886 a
1236 1823 1374 1906 paulinis
1391 1847 1441 1889 a.

209 1934 312 1996 tetum
327 1923 530 1994 Hebraeorum
550 1919 762 2000 precibus-en
775 1917 810 1979 V.
828 1917 868 1981 Τ.
889 1913 973 1978 libris
999 1922 1110 1984 constet
1135 1922 1338 1992 etennensium
1365 1917 1441 1995 apud

215 2005 456 2084 demonstrante
472 2011 544 2080 lesu
565 2006 658 2076 inerit
676 2007 771 2074 Deum
795 2003 829 2064 in
850 2003 946 2076 saunis
969 1999 1162 2067 censentibus
1180 2002 1332 2062 ,adorandi
1357 2003 1440 2082 rotie¹

217 2095 356 2179 quoniam
371 2097 439 2178 iude
455 2097 531 2170 haud
547 2115 652 2174 μιιιιιιι
669 2091 744 2154 lueis
760 2091 900 2162 aaoodsne
919 2099 1012 2170 potest
1028 2089 1084 2166 iis,
1098 2109 1176 2170 quae
1195 2107 1263 2178 num
1279 2088 1313 2150 in
1324 2090 1372 2152 N.
1392 2091 1441 2168 T„

214 2197 276 2256 tum
288 2183 324 2258 ¹in
340 2183 407 2248 aliis
422 2183 603 2264 antiquitatis
621 2179 797 2244 christianae
812 2178 1006 2244 monumentis
1023 2179 1059 2238 de
1075 2173 1202 2257 publicis
1218 2177 1364 2256 precibus
1382 2188 1442 2240 tra-

218 2275 346 2352 dentem
368 2270 473 2332 deinde
498 2281 543 2336 ost
568 2270 789 2350 exponendum,
806 2265 880 2347 quid
895 2264 1019 2330 libri-N.
1037 2264 1074 2338 Τ,
1093 2263 1272 2344 depublinis
1288 2263 1441 2328 Cbristia-

217 2381 321 2424 norum
340 2359 592 2440 precibus'aetate
609 2353 814 2438 Apostolorum
833 2357 971 2429 densam
997 2351 1124 2432 denique
1147 2351 1359 2432 inquirendum
1377 2353 1440 2430 erit,

219 2469 276 2529 qna
295 2447 407 2510 ratione
427 2458 538 2510 veteres
555 2443 715 2508 Christiani
739 2453 804 2524 post
828 2449 950 2504 aetatem
978 2439 1167 2520 apostolieum
1184 2438 1281 2502 Deum
1310 2440 1440 2520 publicis

217 2535 360 2616 precibus¹
371 2534 499 2596 venerati
519 2535 579 2594 siut
596 2544 624 2595 et
640 2533 783 2612 quomodo
801 2533 878 2610 apud
895 2549 945 2590 eos
960 2529 1020 2609 janu
1038 2537 1105 2588 ante
1120 2527 1227 2590 conell.
1244 2527 1312 2590 Nic:
1324 2531 1363 2589 ab
1383 2549 1439 2589 au-

219 2621 298 2702 tiqna
312 2621 502 2703 simplieitnte
520 2618 660 2701 peolntier
676 2617 1003 2698 degeneraveritlleuru
1020 2615 1052 2676 in
1069 2613 1186 2696 templis
1202 2616 1348 2678 adorandi
1368 2635 1440 2677 eon-

217 2711 355 2772 suetudo.
595 2727 599 2734 ·
1085 2718 1088 2726 ²
1131 2727 1143 2753 e·
1171 2732 1173 2736 ·

812 2908 890 2982 I'=l

947 2989 949 2996 t

733 3002 735 3011 .

289 3063 349 3131 De
377 3059 570 3152 publicis
599 3065 910 3154 eum'veterum
936 3057 1251 3148 Hebraeorum
1282 3053 1367 3130 turn

428 3164 681 3232 Judaeorum
701 3167 810 3234 Jesn
841 3170 989 3234 astate
1012 3167 1222 3254 precibus.

306 3338 331 3423 ᾗ.
359 3342 388 3404 l.
425 3341 478 3406 lle
508 3327 682 3406 veterum
712 3343 979 3406 Hebraeorum
1013 3343 1207 3424 precibus
1236 3341 1435 3423 publicis,

219 3449 375 3514 quarum
406 3428 444 3490 in
476 3430 610 3492 Libris
633 3431 665 3496 V.
694 3432 733 3495 Τ.
768 3431 818 3492 lit
847 3432 1006 3492 mentio:
1051 3431 1095 3492 to
1128 3429 1343 3512 antiquissimis
1368 3431 1436 3493 inde

219 3519 398 3600 temporibus
414 3517 548 3580 homines
564 3516 773 3582 imbecillitatis
788 3527 876 3600 atque
893 3518 1011 3598 inopiae
1029 3538 1101 3580 sune
1124 3538 1215 3579 seusu
1230 3517 1360 3579 imbutos
1379 3540 1437 3579 nu-

220 3628 285 3669 men
310 3627 476 3686 supremum
501 3608 643 3668 adorasse
660 3618 753 3688 atque
776 3625 893 3686 precum
918 3605 1060 3685 originem
1085 3605 1216 3687 ejusdem
1239 3605 1303 3666 lero
1329 3605 1435 3667 aetatis

220 3714 286 3756 esse
304 3713 378 3775 quae
396 3693 513 3769 generis
530 3693 659 3770 humaui,
675 3693 741 3774 ipsa
759 3695 845 3754 docet
861 3692 902 3753 rei
920 3693 1004 3772 ratio,
1022 3705 1050 3756 et
1066 3713 1103 3755 ex
1119 3693 1228 3756 veteris
1246 3691 1311 3755 aeni
1331 3715 1436 3754 monn-

218 3781 325 3844 ruentis
344 3791 481 3861 apparet,
506 3781 554 3842 vix
571 3781 660 3842 ullam
686 3780 781 3842 fnisse
805 3779 952 3842 nationem
971 3791 1028 3844 tuni
1054 3783 1209 3844 barbaranu
1234 3793 1262 3844 et
1278 3780 1435 3859 'incultam

220 3891 294 3952 quae
314 3887 432 3952 precum
451 3867 653 3930 necessitatem
670 3889 727 3929 non
744 3877 931 3948 agnosceret.
1251 3915 1255 3928 .

307 3956 411 4035 Neque
429 3955 549 4036 privatis
565 3963 674 4017 tanturn
689 3953 838 4036 precibus,
856 3957 961 4038 quibus
979 3955 1104 4038 quisque
1119 3957 1208 4020 aniani
1222 3955 1269 4020 sui
1287 3955 1435 4022 desideria

220 4062 316 4104 eoram
341 4043 407 4104 Deo
435 4053 609 4122 exponeret,
636 4064 753 4122 opernm
778 4045 897 4108 dedisse
921 4045 1141 4126 antiquissimos
1158 4045 1308 4121 homines,
1332 4067 1433 4108 verum

220 4131 305 4194 etiam
323 4150 374 4190 ens
393 4131 458 4191 loen
477 4133 619 4210 quaedam
637 4133 672 4192 ad
691 4151 777 4194 saera
793 4136 961 4213 peragenda
978 4133 1161 4212 destinasse,
1182 4134 1213 4194 in
1232 4133 1342 4214 quibus
1367 4153 1433 4195 sese

220 4227 453 4297 congregarent,
476 4224 509 4276 nt
528 4217 649 4298 publicu
665 4237 701 4282 ae
718 4219 845 4283 sullenui
862 4220 919 4287 Dei
931 4221 1029 4284 uultui
1045 4228 1193 4306 vacarent,
1208 4223 1288 4284 bnud
1306 4224 1431 4284 obscure

138 4359 143 4368 “
216 4363 445 4379 -n--U

287 4438 317 4508 ι)
335 4437 434 4492 ennom
452 4436 534 4502 ungu.
555 4436 613 4533 net.
633 4441 711 4495 rese.
734 4441 761 4495 s.
