<?xml version="1.0" encoding="UTF-8"?>
<!DOCTYPE html PUBLIC "-//W3C//DTD XHTML 1.0 Transitional//EN"
    "http://www.w3.org/TR/xhtml1/DTD/xhtml1-transitional.dtd">
<html xmlns="http://www.w3.org/1999/xhtml" xml:lang="en" lang="en">
 <head>
  <title>
</title>
<meta http-equiv="Content-Type" content="text/html;charset=utf-8" />
  <meta name='ocr-system' content='tesseract 3.04.00' />
  <meta name='ocr-capabilities' content='ocr_page ocr_carea ocr_par ocr_line ocrx_word'/>
</head>
<body>
  <div class='ocr_page' id='page_1' title='image "./thesauruscommen01volbgoog_0044.png"; bbox 0 0 2916 4904; ppageno 0'>
   <div class='ocr_carea' id='block_1_1' title="bbox 389 272 1230 359">
    <p class='ocr_par' dir='ltr' id='par_1_1' title="bbox 389 272 1230 359">
     <span class='ocr_line' id='line_1_1' title="bbox 389 272 1230 359; baseline 0.011 -22"><span class='ocrx_word' id='word_1_1' title='bbox 389 276 426 337; x_wconf 87' lang='lat' dir='ltr'><strong>de</strong></span> <span class='ocrx_word' id='word_1_2' title='bbox 444 272 523 339; x_wconf 80' lang='lat' dir='ltr'><strong>insto</strong></span> <span class='ocrx_word' id='word_1_3' title='bbox 540 275 860 342; x_wconf 72' lang='lat' dir='ltr'><strong>maenianae.</strong></span> <span class='ocrx_word' id='word_1_4' title='bbox 898 351 902 359; x_wconf 26' lang='lat'><strong>¹</strong></span> <span class='ocrx_word' id='word_1_5' title='bbox 1172 279 1230 346; x_wconf 58' lang='lat' dir='ltr'><em>w</em></span> 
     </span>
    </p>
   </div>
   <div class='ocr_carea' id='block_1_2' title="bbox 52 433 1230 621">
    <p class='ocr_par' dir='ltr' id='par_1_2' title="bbox 52 433 1230 621">
     <span class='ocr_line' id='line_1_2' title="bbox 52 433 1229 532; baseline 0.013 -31"><span class='ocrx_word' id='word_1_6' title='bbox 52 451 70 502; x_wconf 84' lang='lat' dir='ltr'><strong>et</strong></span> <span class='ocrx_word' id='word_1_7' title='bbox 80 441 178 522; x_wconf 82' lang='lat' dir='ltr'><strong>puellae</strong></span> <span class='ocrx_word' id='word_1_8' title='bbox 193 463 229 506; x_wconf 85' lang='lat' dir='ltr'><strong>ex</strong></span> <span class='ocrx_word' id='word_1_9' title='bbox 244 443 422 508; x_wconf 83' lang='lat' dir='ltr'><strong>mmosoulis</strong></span> <span class='ocrx_word' id='word_1_10' title='bbox 438 447 543 514; x_wconf 85' lang='lat' dir='ltr'><strong>abietis</strong></span> <span class='ocrx_word' id='word_1_11' title='bbox 559 439 798 531; x_wconf 64' lang='lat' dir='ltr'><strong>pertieau‘rarie</strong></span> <span class='ocrx_word' id='word_1_12' title='bbox 822 433 992 514; x_wconf 81' lang='lat' dir='ltr'><strong>exornatam</strong></span> <span class='ocrx_word' id='word_1_13' title='bbox 1012 450 1229 532; x_wconf 77' lang='lat' dir='ltr'><strong>circumferunt,</strong></span> 
     </span>
     <span class='ocr_line' id='line_1_3' title="bbox 52 525 1230 621; baseline 0.014 -33"><span class='ocrx_word' id='word_1_14' title='bbox 52 525 115 588; x_wconf 84' lang='lat' dir='ltr'><strong>simul</strong></span> <span class='ocrx_word' id='word_1_15' title='bbox 128 529 246 592; x_wconf 76' lang='lat' dir='ltr'><strong>nehalim</strong></span> <span class='ocrx_word' id='word_1_16' title='bbox 262 544 369 595; x_wconf 85' lang='lat' dir='ltr'><strong>canunt</strong></span> <span class='ocrx_word' id='word_1_17' title='bbox 392 545 421 596; x_wconf 89' lang='lat' dir='ltr'><strong>et</strong></span> <span class='ocrx_word' id='word_1_18' title='bbox 435 538 605 600; x_wconf 78' lang='lat' dir='ltr'>memoriam</span> <span class='ocrx_word' id='word_1_19' title='bbox 632 537 763 602; x_wconf 82' lang='lat' dir='ltr'><strong>devictae</strong></span> <span class='ocrx_word' id='word_1_20' title='bbox 786 538 889 604; x_wconf 78' lang='lat' dir='ltr'><strong>mortis</strong></span> <span class='ocrx_word' id='word_1_21' title='bbox 911 547 1053 602; x_wconf 80' lang='lat' dir='ltr'><strong>renovant</strong></span> <span class='ocrx_word' id='word_1_22' title='bbox 1067 537 1230 621; x_wconf 83' lang='lat' dir='ltr'><strong>stipemque</strong></span> 
     </span>
    </p>
   </div>
   <div class='ocr_carea' id='block_1_3' title="bbox 51 615 1355 708">
    <p class='ocr_par' dir='ltr' id='par_1_3' title="bbox 51 615 1355 708">
     <span class='ocr_line' id='line_1_4' title="bbox 51 615 1355 708; baseline 0.012 -33"><span class='ocrx_word' id='word_1_23' title='bbox 51 615 168 696; x_wconf 86' lang='lat' dir='ltr'><strong>colligunt.</strong></span> <span class='ocrx_word' id='word_1_24' title='bbox 189 619 286 697; x_wconf 67' lang='lat' dir='ltr'><strong>Quae</strong></span> <span class='ocrx_word' id='word_1_25' title='bbox 302 625 482 686; x_wconf 90' lang='lat' dir='ltr'><strong>consuetudo</strong></span> <span class='ocrx_word' id='word_1_26' title='bbox 499 625 601 688; x_wconf 88' lang='lat' dir='ltr'><strong>nescio</strong></span> <span class='ocrx_word' id='word_1_27' title='bbox 619 621 850 708; x_wconf 30' lang='lat' dir='ltr'><strong>qna‘oocasione</strong></span> <span class='ocrx_word' id='word_1_28' title='bbox 866 627 903 688; x_wconf 91' lang='lat' dir='ltr'><strong>ad</strong></span> <span class='ocrx_word' id='word_1_29' title='bbox 917 623 1045 688; x_wconf 84' lang='lat' dir='ltr'><strong>Prionos</strong></span> <span class='ocrx_word' id='word_1_30' title='bbox 1064 625 1229 690; x_wconf 88' lang='lat' dir='ltr'><strong>etSilesios</strong></span> <span class='ocrx_word' id='word_1_31' title='bbox 1349 697 1355 708; x_wconf 34' lang='lat'>¹</span> 
     </span>
    </p>
   </div>
   <div class='ocr_carea' id='block_1_4' title="bbox 49 705 1337 4550">
    <p class='ocr_par' dir='ltr' id='par_1_4' title="bbox 49 705 1230 1054">
     <span class='ocr_line' id='line_1_5' title="bbox 50 705 1230 795; baseline 0.012 -33"><span class='ocrx_word' id='word_1_32' title='bbox 50 705 150 766; x_wconf 87' lang='lat' dir='ltr'><strong>traducta</strong></span> <span class='ocrx_word' id='word_1_33' title='bbox 163 715 214 768; x_wconf 90' lang='lat' dir='ltr'><strong>est.</strong></span> <span class='ocrx_word' id='word_1_34' title='bbox 245 705 285 768; x_wconf 84' lang='lat' dir='ltr'><strong>Hi</strong></span> <span class='ocrx_word' id='word_1_35' title='bbox 313 707 388 769; x_wconf 87' lang='lat' dir='ltr'><strong>enim</strong></span> <span class='ocrx_word' id='word_1_36' title='bbox 409 710 557 773; x_wconf 89' lang='lat' dir='ltr'><strong>dominica</strong></span> <span class='ocrx_word' id='word_1_37' title='bbox 582 713 707 776; x_wconf 87' lang='lat' dir='ltr'><strong>Laetare</strong></span> <span class='ocrx_word' id='word_1_38' title='bbox 731 713 890 775; x_wconf 89' lang='lat' dir='ltr'><strong>simulacra</strong></span> <span class='ocrx_word' id='word_1_39' title='bbox 913 711 1002 774; x_wconf 83' lang='lat' dir='ltr'><strong>relati</strong></span> <span class='ocrx_word' id='word_1_40' title='bbox 1026 723 1143 794; x_wconf 86' lang='lat' dir='ltr'><strong>spectra</strong></span> <span class='ocrx_word' id='word_1_41' title='bbox 1158 735 1230 795; x_wconf 91' lang='lat' dir='ltr'><strong>por-</strong></span> 
     </span>
     <span class='ocr_line' id='line_1_6' title="bbox 51 793 1230 880; baseline 0.009 -29"><span class='ocrx_word' id='word_1_42' title='bbox 51 800 92 850; x_wconf 87' lang='lat' dir='ltr'><strong>tant</strong></span> <span class='ocrx_word' id='word_1_43' title='bbox 109 801 132 852; x_wconf 90' lang='lat' dir='ltr'><strong>et</strong></span> <span class='ocrx_word' id='word_1_44' title='bbox 152 794 262 855; x_wconf 87' lang='lat' dir='ltr'><strong>tandem</strong></span> <span class='ocrx_word' id='word_1_45' title='bbox 286 793 317 854; x_wconf 91' lang='lat' dir='ltr'><strong>in</strong></span> <span class='ocrx_word' id='word_1_46' title='bbox 339 795 433 858; x_wconf 87' lang='lat' dir='ltr'><strong>lutum</strong></span> <span class='ocrx_word' id='word_1_47' title='bbox 459 797 600 880; x_wconf 86' lang='lat' dir='ltr'><strong>dejiciunt</strong></span> <span class='ocrx_word' id='word_1_48' title='bbox 621 799 667 862; x_wconf 85' lang='lat' dir='ltr'><strong>rel</strong></span> <span class='ocrx_word' id='word_1_49' title='bbox 693 801 879 864; x_wconf 84' lang='lat' dir='ltr'><strong>comburunt.</strong></span> <span class='ocrx_word' id='word_1_50' title='bbox 905 797 1032 866; x_wconf 78' lang='lat' dir='ltr'><strong>Faciunt</strong></span> <span class='ocrx_word' id='word_1_51' title='bbox 1057 809 1154 862; x_wconf 88' lang='lat' dir='ltr'><strong>autem</strong></span> <span class='ocrx_word' id='word_1_52' title='bbox 1173 800 1230 864; x_wconf 91' lang='lat' dir='ltr'><strong>hoc</strong></span> 
     </span>
     <span class='ocr_line' id='line_1_7' title="bbox 50 877 1230 976; baseline 0.012 -40"><span class='ocrx_word' id='word_1_53' title='bbox 50 877 102 953; x_wconf 88' lang='lat' dir='ltr'><strong>ileo,</strong></span> <span class='ocrx_word' id='word_1_54' title='bbox 112 887 143 940; x_wconf 91' lang='lat' dir='ltr'><strong>nt</strong></span> <span class='ocrx_word' id='word_1_55' title='bbox 155 879 321 944; x_wconf 86' lang='lat' dir='ltr'><strong>hominibus</strong></span> <span class='ocrx_word' id='word_1_56' title='bbox 337 882 367 943; x_wconf 91' lang='lat' dir='ltr'><strong>in</strong></span> <span class='ocrx_word' id='word_1_57' title='bbox 382 885 552 948; x_wconf 73' lang='lat' dir='ltr'><strong>memoriam</strong></span> <span class='ocrx_word' id='word_1_58' title='bbox 566 898 705 950; x_wconf 83' lang='lat' dir='ltr'><strong>revocent</strong></span> <span class='ocrx_word' id='word_1_59' title='bbox 719 885 800 950; x_wconf 89' lang='lat' dir='ltr'><strong>idola</strong></span> <span class='ocrx_word' id='word_1_60' title='bbox 816 909 869 970; x_wconf 89' lang='lat' dir='ltr'><strong>per</strong></span> <span class='ocrx_word' id='word_1_61' title='bbox 884 884 1037 950; x_wconf 85' lang='lat' dir='ltr'><strong>Poloniam</strong></span> <span class='ocrx_word' id='word_1_62' title='bbox 1054 896 1082 949; x_wconf 91' lang='lat' dir='ltr'><strong>et</strong></span> <span class='ocrx_word' id='word_1_63' title='bbox 1092 885 1230 976; x_wconf 63' lang='lat' dir='ltr'><strong>Silegiani</strong></span> 
     </span>
     <span class='ocr_line' id='line_1_8' title="bbox 49 964 554 1054; baseline 0.02 -28"><span class='ocrx_word' id='word_1_64' title='bbox 49 983 67 1026; x_wconf 90' lang='lat' dir='ltr'><strong>n.</strong></span> <span class='ocrx_word' id='word_1_65' title='bbox 79 964 134 1029; x_wconf 75' lang='lat' dir='ltr'><strong>cnr.</strong></span> <span class='ocrx_word' id='word_1_66' title='bbox 150 968 219 1032; x_wconf 76' lang='lat'><strong>966.</strong></span> <span class='ocrx_word' id='word_1_67' title='bbox 238 969 387 1032; x_wconf 81' lang='lat' dir='ltr'><strong>confracta</strong></span> <span class='ocrx_word' id='word_1_68' title='bbox 404 983 432 1034; x_wconf 92' lang='lat' dir='ltr'><strong>et</strong></span> <span class='ocrx_word' id='word_1_69' title='bbox 449 973 554 1054; x_wconf 85' lang='lat' dir='ltr'><strong>ejecta.</strong></span> 
     </span>
    </p>

    <p class='ocr_par' dir='ltr' id='par_1_5' title="bbox 49 1053 1229 4190">
     <span class='ocr_line' id='line_1_9' title="bbox 110 1053 1229 1146; baseline 0.009 -32"><span class='ocrx_word' id='word_1_70' title='bbox 110 1053 257 1118; x_wconf 81' lang='lat' dir='ltr'><strong>Festum</strong></span> <span class='ocrx_word' id='word_1_71' title='bbox 288 1059 620 1122; x_wconf 74' lang='lat' dir='ltr'><strong>annunciationis</strong></span> <span class='ocrx_word' id='word_1_72' title='bbox 645 1062 809 1124; x_wconf 88' lang='lat' dir='ltr'><strong>Mariae.</strong></span> <span class='ocrx_word' id='word_1_73' title='bbox 853 1063 882 1146; x_wconf 61' lang='grc' dir='ltr'><strong>ς.</strong></span> <span class='ocrx_word' id='word_1_74' title='bbox 908 1062 936 1124; x_wconf 89' lang='lat' dir='ltr'><strong>l.</strong></span> <span class='ocrx_word' id='word_1_75' title='bbox 970 1059 1032 1124; x_wconf 81' lang='lat' dir='ltr'><strong>trie</strong></span> <span class='ocrx_word' id='word_1_76' title='bbox 1056 1062 1109 1126; x_wconf 76' lang='lat'><strong>25.</strong></span> <span class='ocrx_word' id='word_1_77' title='bbox 1133 1059 1229 1124; x_wconf 91' lang='lat' dir='ltr'><strong>martii</strong></span> 
     </span>
     <span class='ocr_line' id='line_1_10' title="bbox 50 1139 1229 1228; baseline 0.01 -30"><span class='ocrx_word' id='word_1_78' title='bbox 50 1139 150 1221; x_wconf 87' lang='lat' dir='ltr'><strong>adeoque</strong></span> <span class='ocrx_word' id='word_1_79' title='bbox 165 1140 278 1224; x_wconf 88' lang='lat' dir='ltr'><strong>iuipsa</strong></span> <span class='ocrx_word' id='word_1_80' title='bbox 293 1147 519 1226; x_wconf 84' lang='lat' dir='ltr'><strong>quadragesimo</strong></span> <span class='ocrx_word' id='word_1_81' title='bbox 534 1148 643 1210; x_wconf 79' lang='lat' dir='ltr'><strong>festum</strong></span> <span class='ocrx_word' id='word_1_82' title='bbox 658 1148 896 1211; x_wconf 85' lang='lat' dir='ltr'><strong>annunciationis</strong></span> <span class='ocrx_word' id='word_1_83' title='bbox 911 1147 1018 1228; x_wconf 87' lang='lat' dir='ltr'><strong>agitur,</strong></span> <span class='ocrx_word' id='word_1_84' title='bbox 1031 1148 1099 1210; x_wconf 90' lang='lat' dir='ltr'><strong>inde</strong></span> <span class='ocrx_word' id='word_1_85' title='bbox 1110 1149 1229 1226; x_wconf 78' lang='lat' dir='ltr'><strong>dicium,</strong></span> 
     </span>
     <span class='ocr_line' id='line_1_11' title="bbox 50 1229 1229 1312; baseline 0.011 -27"><span class='ocrx_word' id='word_1_86' title='bbox 50 1229 103 1304; x_wconf 85' lang='lat' dir='ltr'><strong>quod</strong></span> <span class='ocrx_word' id='word_1_87' title='bbox 116 1248 146 1289; x_wconf 90' lang='lat' dir='ltr'><strong>eo</strong></span> <span class='ocrx_word' id='word_1_88' title='bbox 162 1229 206 1290; x_wconf 88' lang='lat' dir='ltr'><strong>die</strong></span> <span class='ocrx_word' id='word_1_89' title='bbox 224 1229 423 1312; x_wconf 69' lang='lat' dir='ltr'><strong>archangelus</strong></span> <span class='ocrx_word' id='word_1_90' title='bbox 441 1234 560 1298; x_wconf 87' lang='lat' dir='ltr'><strong>Gabriel</strong></span> <span class='ocrx_word' id='word_1_91' title='bbox 578 1235 658 1297; x_wconf 89' lang='lat' dir='ltr'><strong>bona</strong></span> <span class='ocrx_word' id='word_1_92' title='bbox 671 1257 748 1298; x_wconf 84' lang='lat' dir='ltr'><strong>nora</strong></span> <span class='ocrx_word' id='word_1_93' title='bbox 764 1239 799 1298; x_wconf 89' lang='lat' dir='ltr'><strong>de</strong></span> <span class='ocrx_word' id='word_1_94' title='bbox 815 1234 1016 1298; x_wconf 77' lang='lat' dir='ltr'><strong>incarnatione</strong></span> <span class='ocrx_word' id='word_1_95' title='bbox 1031 1234 1084 1296; x_wconf 89' lang='lat' dir='ltr'><strong>lilii</strong></span> <span class='ocrx_word' id='word_1_96' title='bbox 1100 1235 1158 1298; x_wconf 80' lang='lat' dir='ltr'><strong>nei</strong></span> <span class='ocrx_word' id='word_1_97' title='bbox 1175 1239 1229 1298; x_wconf 91' lang='lat' dir='ltr'><strong>de-</strong></span> 
     </span>
     <span class='ocr_line' id='line_1_12' title="bbox 50 1309 1229 1400; baseline 0.013 -31"><span class='ocrx_word' id='word_1_98' title='bbox 50 1309 121 1374; x_wconf 87' lang='lat' dir='ltr'><strong>tulerit</strong></span> <span class='ocrx_word' id='word_1_99' title='bbox 134 1313 211 1380; x_wconf 88' lang='lat' dir='ltr'><strong>coelo</strong></span> <span class='ocrx_word' id='word_1_100' title='bbox 226 1327 254 1379; x_wconf 90' lang='lat' dir='ltr'><strong>et</strong></span> <span class='ocrx_word' id='word_1_101' title='bbox 276 1317 420 1382; x_wconf 81' lang='lat' dir='ltr'><strong>Messinm</strong></span> <span class='ocrx_word' id='word_1_102' title='bbox 437 1342 476 1384; x_wconf 88' lang='lat' dir='ltr'><strong>ex</strong></span> <span class='ocrx_word' id='word_1_103' title='bbox 492 1321 607 1400; x_wconf 80' lang='lat' dir='ltr'><strong>virgine</strong></span> <span class='ocrx_word' id='word_1_104' title='bbox 623 1326 804 1386; x_wconf 87' lang='lat' dir='ltr'><strong>nascendum</strong></span> <span class='ocrx_word' id='word_1_105' title='bbox 822 1321 1052 1384; x_wconf 77' lang='lat' dir='ltr'><strong>aunmciarerit.</strong></span> <span class='ocrx_word' id='word_1_106' title='bbox 1086 1323 1146 1384; x_wconf 91' lang='lat' dir='ltr'><strong>Sed</strong></span> <span class='ocrx_word' id='word_1_107' title='bbox 1162 1343 1229 1384; x_wconf 89' lang='lat' dir='ltr'><strong>nutu</strong></span> 
     </span>
     <span class='ocr_line' id='line_1_13' title="bbox 50 1402 1229 1492; baseline 0.011 -33"><span class='ocrx_word' id='word_1_108' title='bbox 50 1402 103 1478; x_wconf 83' lang='lat' dir='ltr'><strong>apud</strong></span> <span class='ocrx_word' id='word_1_109' title='bbox 117 1413 219 1466; x_wconf 79' lang='lat' dir='ltr'><strong>eeteros</strong></span> <span class='ocrx_word' id='word_1_110' title='bbox 230 1407 458 1488; x_wconf 84' lang='lat' dir='ltr'><strong>quadragesima</strong></span> <span class='ocrx_word' id='word_1_111' title='bbox 483 1418 563 1472; x_wconf 87' lang='lat' dir='ltr'><strong>esset</strong></span> <span class='ocrx_word' id='word_1_112' title='bbox 585 1420 699 1492; x_wconf 89' lang='lat' dir='ltr'><strong>tempus</strong></span> <span class='ocrx_word' id='word_1_113' title='bbox 716 1409 876 1488; x_wconf 87' lang='lat' dir='ltr'><strong>moeroris,</strong></span> <span class='ocrx_word' id='word_1_114' title='bbox 902 1409 965 1472; x_wconf 87' lang='lat' dir='ltr'><strong>dies</strong></span> <span class='ocrx_word' id='word_1_115' title='bbox 986 1407 1115 1472; x_wconf 85' lang='lat' dir='ltr'><strong>laetitiae</strong></span> <span class='ocrx_word' id='word_1_116' title='bbox 1132 1409 1229 1472; x_wconf 90' lang='lat' dir='ltr'><strong>minus</strong></span> 
     </span>
     <span class='ocr_line' id='line_1_14' title="bbox 49 1491 1229 1578; baseline 0.011 -33"><span class='ocrx_word' id='word_1_117' title='bbox 49 1491 163 1551; x_wconf 86' lang='lat' dir='ltr'><strong>commode</strong></span> <span class='ocrx_word' id='word_1_118' title='bbox 183 1491 234 1571; x_wconf 81' lang='lat' dir='ltr'><strong>agi</strong></span> <span class='ocrx_word' id='word_1_119' title='bbox 257 1491 423 1560; x_wconf 83' lang='lat' dir='ltr'><strong>ridebatur.</strong></span> <span class='ocrx_word' id='word_1_120' title='bbox 468 1495 593 1578; x_wconf 78' lang='lat' dir='ltr'><strong>Hispani</strong></span> <span class='ocrx_word' id='word_1_121' title='bbox 617 1496 648 1557; x_wconf 94' lang='lat' dir='ltr'><strong>in</strong></span> <span class='ocrx_word' id='word_1_122' title='bbox 672 1497 785 1562; x_wconf 88' lang='lat' dir='ltr'><strong>Concil.</strong></span> <span class='ocrx_word' id='word_1_123' title='bbox 802 1497 947 1560; x_wconf 83' lang='lat' dir='ltr'><strong>Toletano</strong></span> <span class='ocrx_word' id='word_1_124' title='bbox 965 1495 1002 1558; x_wconf 84' lang='lat' dir='ltr'><strong>X.</strong></span> <span class='ocrx_word' id='word_1_125' title='bbox 1027 1499 1229 1574; x_wconf 82' lang='lat' dir='ltr'><strong>decreverunt,</strong></span> 
     </span>
     <span class='ocr_line' id='line_1_15' title="bbox 50 1574 1228 1665; baseline 0.016 -33"><span class='ocrx_word' id='word_1_126' title='bbox 50 1583 70 1633; x_wconf 89' lang='lat' dir='ltr'><strong>nt</strong></span> <span class='ocrx_word' id='word_1_127' title='bbox 88 1574 177 1638; x_wconf 88' lang='lat' dir='ltr'><strong>leston</strong></span> <span class='ocrx_word' id='word_1_128' title='bbox 201 1579 438 1644; x_wconf 82' lang='lat' dir='ltr'><strong>annunciationis</strong></span> <span class='ocrx_word' id='word_1_129' title='bbox 462 1603 521 1645; x_wconf 91' lang='lat' dir='ltr'><strong>nou</strong></span> <span class='ocrx_word' id='word_1_130' title='bbox 538 1583 568 1644; x_wconf 95' lang='lat' dir='ltr'><strong>in</strong></span> <span class='ocrx_word' id='word_1_131' title='bbox 585 1585 826 1665; x_wconf 83' lang='lat' dir='ltr'><strong>quadragesima,</strong></span> <span class='ocrx_word' id='word_1_132' title='bbox 843 1595 875 1648; x_wconf 90' lang='grc' dir='ltr'><strong>ιιι</strong></span> <span class='ocrx_word' id='word_1_133' title='bbox 889 1583 976 1646; x_wconf 92' lang='lat' dir='ltr'><strong>hodie</strong></span> <span class='ocrx_word' id='word_1_134' title='bbox 993 1583 1082 1646; x_wconf 89' lang='lat' dir='ltr'><strong>moris</strong></span> <span class='ocrx_word' id='word_1_135' title='bbox 1098 1594 1160 1662; x_wconf 91' lang='lat' dir='ltr'><strong>est,</strong></span> <span class='ocrx_word' id='word_1_136' title='bbox 1176 1585 1228 1651; x_wconf 69' lang='lat' dir='ltr'><strong>aad</strong></span> 
     </span>
     <span class='ocr_line' id='line_1_16' title="bbox 50 1657 1229 1746; baseline 0.014 -28"><span class='ocrx_word' id='word_1_137' title='bbox 50 1657 69 1718; x_wconf 91' lang='lat' dir='ltr'><strong>in</strong></span> <span class='ocrx_word' id='word_1_138' title='bbox 81 1664 184 1726; x_wconf 77' lang='lat' dir='ltr'><strong>adverto</strong></span> <span class='ocrx_word' id='word_1_139' title='bbox 198 1677 347 1746; x_wconf 84' lang='lat' dir='ltr'><strong>ageretur,</strong></span> <span class='ocrx_word' id='word_1_140' title='bbox 365 1680 467 1731; x_wconf 85' lang='lat' dir='ltr'><strong>octavo</strong></span> <span class='ocrx_word' id='word_1_141' title='bbox 485 1672 532 1732; x_wconf 89' lang='lat' dir='ltr'><strong>die</strong></span> <span class='ocrx_word' id='word_1_142' title='bbox 548 1685 615 1734; x_wconf 88' lang='lat' dir='ltr'><strong>ante</strong></span> <span class='ocrx_word' id='word_1_143' title='bbox 631 1671 723 1734; x_wconf 87' lang='lat' dir='ltr'><strong>ferias</strong></span> <span class='ocrx_word' id='word_1_144' title='bbox 739 1673 862 1734; x_wconf 82' lang='lat' dir='ltr'><strong>natales.</strong></span> <span class='ocrx_word' id='word_1_145' title='bbox 896 1671 985 1734; x_wconf 82' lang='lat' dir='ltr'><strong>liuno</strong></span> <span class='ocrx_word' id='word_1_146' title='bbox 1001 1693 1111 1744; x_wconf 82' lang='lat' dir='ltr'><strong>morem</strong></span> <span class='ocrx_word' id='word_1_147' title='bbox 1128 1669 1229 1736; x_wconf 87' lang='lat' dir='ltr'><strong>dieunt</strong></span> 
     </span>
     <span class='ocr_line' id='line_1_17' title="bbox 51 1750 1229 1840; baseline 0.012 -33"><span class='ocrx_word' id='word_1_148' title='bbox 51 1759 119 1824; x_wconf 87' lang='lat' dir='ltr'><strong>potres</strong></span> <span class='ocrx_word' id='word_1_149' title='bbox 133 1750 264 1816; x_wconf 82' lang='lat' dir='ltr'><strong>Toletani</strong></span> <span class='ocrx_word' id='word_1_150' title='bbox 281 1753 313 1816; x_wconf 88' lang='lat' dir='ltr'><strong>ia</strong></span> <span class='ocrx_word' id='word_1_151' title='bbox 330 1755 533 1820; x_wconf 76' lang='lat' dir='ltr'><strong>remotissimis</strong></span> <span class='ocrx_word' id='word_1_152' title='bbox 550 1758 685 1821; x_wconf 89' lang='lat' dir='ltr'><strong>ecclesiis</strong></span> <span class='ocrx_word' id='word_1_153' title='bbox 710 1780 776 1822; x_wconf 88' lang='lat' dir='ltr'><strong>esse</strong></span> <span class='ocrx_word' id='word_1_154' title='bbox 798 1768 958 1840; x_wconf 89' lang='lat' dir='ltr'><strong>receptum.</strong></span> <span class='ocrx_word' id='word_1_155' title='bbox 991 1759 1079 1836; x_wconf 84' lang='lat' dir='ltr'><strong>Quod</strong></span> <span class='ocrx_word' id='word_1_156' title='bbox 1096 1760 1133 1821; x_wconf 89' lang='lat' dir='ltr'><strong>nd</strong></span> <span class='ocrx_word' id='word_1_157' title='bbox 1149 1757 1229 1822; x_wconf 90' lang='lat' dir='ltr'><strong>anti-</strong></span> 
     </span>
     <span class='ocr_line' id='line_1_18' title="bbox 53 1833 1228 1927; baseline 0.013 -36"><span class='ocrx_word' id='word_1_158' title='bbox 53 1833 153 1912; x_wconf 83' lang='lat' dir='ltr'><strong>quitatem</strong></span> <span class='ocrx_word' id='word_1_159' title='bbox 174 1840 258 1923; x_wconf 87' lang='lat' dir='ltr'><strong>hujus</strong></span> <span class='ocrx_word' id='word_1_160' title='bbox 282 1841 353 1906; x_wconf 79' lang='lat' dir='ltr'><strong>festi</strong></span> <span class='ocrx_word' id='word_1_161' title='bbox 377 1843 494 1922; x_wconf 89' lang='lat' dir='ltr'><strong>attinet,</strong></span> <span class='ocrx_word' id='word_1_162' title='bbox 526 1846 736 1926; x_wconf 68' lang='lat' dir='ltr'><strong>primus„qui</strong></span> <span class='ocrx_word' id='word_1_163' title='bbox 767 1847 834 1927; x_wconf 87' lang='lat' dir='ltr'><strong>ejus</strong></span> <span class='ocrx_word' id='word_1_164' title='bbox 868 1845 1014 1924; x_wconf 89' lang='lat' dir='ltr'><strong>meminit,</strong></span> <span class='ocrx_word' id='word_1_165' title='bbox 1045 1846 1228 1908; x_wconf 77' lang='lat' dir='ltr'><strong>Athanasius</strong></span> 
     </span>
     <span class='ocr_line' id='line_1_19' title="bbox 52 1917 1228 2014; baseline 0.012 -34"><span class='ocrx_word' id='word_1_166' title='bbox 52 1917 116 1984; x_wconf 85' lang='lat' dir='ltr'><strong>inisse</strong></span> <span class='ocrx_word' id='word_1_167' title='bbox 129 1925 240 1992; x_wconf 87' lang='lat' dir='ltr'><strong>ridetur.</strong></span> <span class='ocrx_word' id='word_1_168' title='bbox 272 1929 303 1990; x_wconf 93' lang='lat' dir='ltr'><strong>ls</strong></span> <span class='ocrx_word' id='word_1_169' title='bbox 321 1930 398 1992; x_wconf 87' lang='lat' dir='ltr'><strong>enim</strong></span> <span class='ocrx_word' id='word_1_170' title='bbox 416 1931 449 1992; x_wconf 86' lang='lat' dir='ltr'><strong>iu</strong></span> <span class='ocrx_word' id='word_1_171' title='bbox 465 1951 569 2012; x_wconf 84' lang='lat' dir='ltr'><strong>crong.</strong></span> <span class='ocrx_word' id='word_1_172' title='bbox 587 1935 622 1995; x_wconf 88' lang='lat' dir='ltr'><strong>de</strong></span> <span class='ocrx_word' id='word_1_173' title='bbox 639 1933 760 2014; x_wconf 86' lang='lat' dir='ltr'><strong>deipara</strong></span> <span class='ocrx_word' id='word_1_174' title='bbox 783 1934 889 1996; x_wconf 85' lang='lat' dir='ltr'><strong>lestutn</strong></span> <span class='ocrx_word' id='word_1_175' title='bbox 913 1931 1149 1994; x_wconf 86' lang='lat' dir='ltr'><strong>annunciationis</strong></span> <span class='ocrx_word' id='word_1_176' title='bbox 1166 1931 1228 2012; x_wconf 87' lang='lat' dir='ltr'><strong>pri·</strong></span> 
     </span>
     <span class='ocr_line' id='line_1_20' title="bbox 54 2009 1228 2101; baseline 0.012 -35"><span class='ocrx_word' id='word_1_177' title='bbox 54 2009 140 2073; x_wconf 81' lang='lat' dir='ltr'><strong>uadum</strong></span> <span class='ocrx_word' id='word_1_178' title='bbox 155 2024 180 2076; x_wconf 90' lang='lat' dir='ltr'><strong>et</strong></span> <span class='ocrx_word' id='word_1_179' title='bbox 194 2035 318 2096; x_wconf 89' lang='lat' dir='ltr'><strong>prorsus</strong></span> <span class='ocrx_word' id='word_1_180' title='bbox 335 2021 530 2081; x_wconf 83' lang='lat' dir='ltr'><strong>venerandum</strong></span> <span class='ocrx_word' id='word_1_181' title='bbox 546 2019 683 2101; x_wconf 87' lang='lat' dir='ltr'><strong>appellat,</strong></span> <span class='ocrx_word' id='word_1_182' title='bbox 697 2023 824 2084; x_wconf 89' lang='lat' dir='ltr'><strong>sednon</strong></span> <span class='ocrx_word' id='word_1_183' title='bbox 841 2023 869 2084; x_wconf 90' lang='lat' dir='ltr'><strong>b.</strong></span> <span class='ocrx_word' id='word_1_184' title='bbox 884 2020 1007 2100; x_wconf 79' lang='lat' dir='ltr'><strong>Virgini,</strong></span> <span class='ocrx_word' id='word_1_185' title='bbox 1022 2040 1121 2082; x_wconf 87' lang='lat' dir='ltr'><strong>rerum</strong></span> <span class='ocrx_word' id='word_1_186' title='bbox 1139 2017 1228 2082; x_wconf 85' lang='lat' dir='ltr'><strong>Chri-</strong></span> 
     </span>
     <span class='ocr_line' id='line_1_21' title="bbox 54 2097 1226 2176; baseline 0.014 -24"><span class='ocrx_word' id='word_1_187' title='bbox 54 2097 196 2164; x_wconf 83' lang='lat' dir='ltr'><strong>audientum</strong></span> <span class='ocrx_word' id='word_1_188' title='bbox 211 2102 349 2166; x_wconf 85' lang='lat' dir='ltr'><strong>affirmat.</strong></span> <span class='ocrx_word' id='word_1_189' title='bbox 381 2106 475 2169; x_wconf 86' lang='lat' dir='ltr'><strong>Recte</strong></span> <span class='ocrx_word' id='word_1_190' title='bbox 491 2118 589 2170; x_wconf 87' lang='lat' dir='ltr'><strong>autem</strong></span> <span class='ocrx_word' id='word_1_191' title='bbox 608 2109 767 2170; x_wconf 89' lang='lat' dir='ltr'><strong>cardinalis</strong></span> <span class='ocrx_word' id='word_1_192' title='bbox 782 2109 927 2176; x_wconf 82' lang='lat' dir='ltr'><strong>Beronios</strong></span> <span class='ocrx_word' id='word_1_193' title='bbox 953 2109 983 2169; x_wconf 93' lang='lat' dir='ltr'><strong>in</strong></span> <span class='ocrx_word' id='word_1_194' title='bbox 1001 2107 1077 2170; x_wconf 89' lang='lat' dir='ltr'><strong>notis</strong></span> <span class='ocrx_word' id='word_1_195' title='bbox 1092 2109 1129 2170; x_wconf 94' lang='lat' dir='ltr'><strong>ad</strong></span> <span class='ocrx_word' id='word_1_196' title='bbox 1147 2128 1226 2169; x_wconf 90' lang='lat' dir='ltr'><strong>mnr-</strong></span> 
     </span>
     <span class='ocr_line' id='line_1_22' title="bbox 56 2185 1228 2278; baseline 0.008 -31"><span class='ocrx_word' id='word_1_197' title='bbox 56 2191 89 2260; x_wconf 78' lang='lat' dir='ltr'><strong>ltr.</strong></span> <span class='ocrx_word' id='word_1_198' title='bbox 100 2185 168 2252; x_wconf 80' lang='lat' dir='ltr'><strong>llona</strong></span> <span class='ocrx_word' id='word_1_199' title='bbox 183 2202 288 2271; x_wconf 86' lang='lat' dir='ltr'><strong>negat,</strong></span> <span class='ocrx_word' id='word_1_200' title='bbox 307 2213 471 2256; x_wconf 80' lang='lat' dir='ltr'><strong>sermonem</strong></span> <span class='ocrx_word' id='word_1_201' title='bbox 487 2193 570 2256; x_wconf 89' lang='lat' dir='ltr'><strong>illurn</strong></span> <span class='ocrx_word' id='word_1_202' title='bbox 587 2194 740 2258; x_wconf 84' lang='lat' dir='ltr'><strong>Athanasii</strong></span> <span class='ocrx_word' id='word_1_203' title='bbox 757 2217 833 2274; x_wconf 86' lang='lat' dir='ltr'><strong>esso,</strong></span> <span class='ocrx_word' id='word_1_204' title='bbox 851 2196 917 2258; x_wconf 89' lang='lat' dir='ltr'><strong>ideo</strong></span> <span class='ocrx_word' id='word_1_205' title='bbox 933 2199 1010 2278; x_wconf 79' lang='lat' dir='ltr'><strong>qnod</strong></span> <span class='ocrx_word' id='word_1_206' title='bbox 1027 2193 1175 2256; x_wconf 86' lang='lat' dir='ltr'><strong>auctario</strong></span> <span class='ocrx_word' id='word_1_207' title='bbox 1193 2215 1228 2256; x_wconf 93' lang='lat' dir='ltr'><strong>eo</strong></span> 
     </span>
     <span class='ocr_line' id='line_1_23' title="bbox 56 2275 1229 2362; baseline 0.014 -36"><span class='ocrx_word' id='word_1_208' title='bbox 56 2281 126 2334; x_wconf 88' lang='lat' dir='ltr'><strong>cantra</strong></span> <span class='ocrx_word' id='word_1_209' title='bbox 139 2275 297 2340; x_wconf 81' lang='lat' dir='ltr'><strong>Nestorium</strong></span> <span class='ocrx_word' id='word_1_210' title='bbox 314 2277 451 2362; x_wconf 84' lang='lat' dir='ltr'><strong>disputet,</strong></span> <span class='ocrx_word' id='word_1_211' title='bbox 469 2281 518 2362; x_wconf 84' lang='lat' dir='ltr'><strong>qni</strong></span> <span class='ocrx_word' id='word_1_212' title='bbox 536 2281 586 2342; x_wconf 91' lang='lat' dir='ltr'><strong>din</strong></span> <span class='ocrx_word' id='word_1_213' title='bbox 602 2293 669 2362; x_wconf 84' lang='lat' dir='ltr'><strong>post</strong></span> <span class='ocrx_word' id='word_1_214' title='bbox 683 2283 875 2345; x_wconf 79' lang='lat' dir='ltr'><strong>Athanasium</strong></span> <span class='ocrx_word' id='word_1_215' title='bbox 891 2283 974 2345; x_wconf 79' lang='lat' dir='ltr'><strong>vixit.</strong></span> <span class='ocrx_word' id='word_1_216' title='bbox 1007 2282 1102 2362; x_wconf 82' lang='lat' dir='ltr'><strong>Igitur</strong></span> <span class='ocrx_word' id='word_1_217' title='bbox 1117 2280 1229 2343; x_wconf 78' lang='lat' dir='ltr'><strong>mavult</strong></span> 
     </span>
     <span class='ocr_line' id='line_1_24' title="bbox 56 2353 1226 2450; baseline 0.014 -39"><span class='ocrx_word' id='word_1_218' title='bbox 56 2353 266 2428; x_wconf 85' lang='lat' dir='ltr'><strong>honorernonenr</strong></span> <span class='ocrx_word' id='word_1_219' title='bbox 296 2365 328 2427; x_wconf 90' lang='lat' dir='ltr'><strong>S.</strong></span> <span class='ocrx_word' id='word_1_220' title='bbox 345 2367 454 2448; x_wconf 80' lang='lat' dir='ltr'><strong>Gyrillo</strong></span> <span class='ocrx_word' id='word_1_221' title='bbox 480 2369 626 2445; x_wconf 86' lang='lat' dir='ltr'><strong>adscribi,</strong></span> <span class='ocrx_word' id='word_1_222' title='bbox 650 2369 700 2450; x_wconf 87' lang='lat' dir='ltr'><strong>qni</strong></span> <span class='ocrx_word' id='word_1_223' title='bbox 726 2390 753 2430; x_wconf 92' lang='lat' dir='ltr'><strong>a.</strong></span> <span class='ocrx_word' id='word_1_224' title='bbox 770 2369 839 2431; x_wconf 85' lang='lat' dir='ltr'><strong>Chr.</strong></span> <span class='ocrx_word' id='word_1_225' title='bbox 855 2368 929 2430; x_wconf 78' lang='lat'>430.</span> <span class='ocrx_word' id='word_1_226' title='bbox 962 2367 1226 2429; x_wconf 84' lang='lat' dir='ltr'><strong>Nestorianismunr</strong></span> 
     </span>
     <span class='ocr_line' id='line_1_25' title="bbox 57 2441 1227 2534; baseline 0.015 -37"><span class='ocrx_word' id='word_1_227' title='bbox 57 2441 143 2508; x_wconf 79' lang='lat' dir='ltr'><strong>refellit</strong></span> <span class='ocrx_word' id='word_1_228' title='bbox 164 2449 272 2515; x_wconf 78' lang='lat' dir='ltr'><strong>anns</strong></span> <span class='ocrx_word' id='word_1_229' title='bbox 287 2452 348 2514; x_wconf 85' lang='lat' dir='ltr'><strong>init</strong></span> <span class='ocrx_word' id='word_1_230' title='bbox 361 2454 534 2533; x_wconf 87' lang='lat' dir='ltr'><strong>Sergius</strong></span> <span class='ocrx_word' id='word_1_231' title='bbox 552 2475 672 2534; x_wconf 85' lang='lat' dir='ltr'><strong>papea.</strong></span> <span class='ocrx_word' id='word_1_232' title='bbox 690 2455 760 2516; x_wconf 86' lang='lat' dir='ltr'><strong>Chr.</strong></span> <span class='ocrx_word' id='word_1_233' title='bbox 780 2455 853 2528; x_wconf 83' lang='grc'>688,</span> <span class='ocrx_word' id='word_1_234' title='bbox 870 2453 921 2534; x_wconf 81' lang='lat' dir='ltr'><strong>qui</strong></span> <span class='ocrx_word' id='word_1_235' title='bbox 936 2455 1044 2516; x_wconf 85' lang='lat' dir='ltr'><strong>festum</strong></span> <span class='ocrx_word' id='word_1_236' title='bbox 1060 2450 1227 2514; x_wconf 87' lang='lat' dir='ltr'><strong>annuncia-</strong></span> 
     </span>
     <span class='ocr_line' id='line_1_26' title="bbox 56 2526 1227 2622; baseline 0.011 -37"><span class='ocrx_word' id='word_1_237' title='bbox 56 2526 119 2592; x_wconf 86' lang='lat' dir='ltr'><strong>tionis</strong></span> <span class='ocrx_word' id='word_1_238' title='bbox 129 2532 219 2602; x_wconf 85' lang='lat' dir='ltr'><strong>litaniis</strong></span> <span class='ocrx_word' id='word_1_239' title='bbox 233 2541 402 2619; x_wconf 81' lang='lat' dir='ltr'><strong>honorarit,</strong></span> <span class='ocrx_word' id='word_1_240' title='bbox 418 2551 492 2603; x_wconf 89' lang='lat' dir='ltr'><strong>teste</strong></span> <span class='ocrx_word' id='word_1_241' title='bbox 507 2539 623 2602; x_wconf 86' lang='lat' dir='ltr'><strong>Plotina</strong></span> <span class='ocrx_word' id='word_1_242' title='bbox 638 2540 669 2602; x_wconf 91' lang='lat' dir='ltr'><strong>iu</strong></span> <span class='ocrx_word' id='word_1_243' title='bbox 685 2539 746 2604; x_wconf 85' lang='lat' dir='ltr'><strong>rita</strong></span> <span class='ocrx_word' id='word_1_244' title='bbox 763 2539 872 2620; x_wconf 85' lang='lat' dir='ltr'><strong>Sergii.</strong></span> <span class='ocrx_word' id='word_1_245' title='bbox 907 2540 1038 2622; x_wconf 77' lang='lat' dir='ltr'><strong>Hymnos</strong></span> <span class='ocrx_word' id='word_1_246' title='bbox 1054 2539 1142 2621; x_wconf 81' lang='lat' dir='ltr'><strong>hujus</strong></span> <span class='ocrx_word' id='word_1_247' title='bbox 1159 2537 1227 2600; x_wconf 80' lang='lat' dir='ltr'><strong>lenti</strong></span> 
     </span>
     <span class='ocr_line' id='line_1_27' title="bbox 57 2613 1225 2711; baseline 0.01 -35"><span class='ocrx_word' id='word_1_248' title='bbox 57 2613 208 2690; x_wconf 82' lang='lat' dir='ltr'><strong>damascenus</strong></span> <span class='ocrx_word' id='word_1_249' title='bbox 225 2627 368 2705; x_wconf 78' lang='lat' dir='ltr'><strong>condidit,</strong></span> <span class='ocrx_word' id='word_1_250' title='bbox 384 2628 432 2710; x_wconf 86' lang='lat' dir='ltr'><strong>qui</strong></span> <span class='ocrx_word' id='word_1_251' title='bbox 449 2628 526 2692; x_wconf 89' lang='lat' dir='ltr'><strong>inter</strong></span> <span class='ocrx_word' id='word_1_252' title='bbox 541 2649 630 2709; x_wconf 88' lang='lat' dir='ltr'><strong>opera</strong></span> <span class='ocrx_word' id='word_1_253' title='bbox 648 2628 713 2711; x_wconf 88' lang='lat' dir='ltr'><strong>ejus</strong></span> <span class='ocrx_word' id='word_1_254' title='bbox 730 2629 825 2690; x_wconf 87' lang='lat' dir='ltr'><strong>adhue</strong></span> <span class='ocrx_word' id='word_1_255' title='bbox 843 2635 951 2690; x_wconf 86' lang='lat' dir='ltr'><strong>extant.</strong></span> <span class='ocrx_word' id='word_1_256' title='bbox 967 2661 1005 2674; x_wconf 85' lang='lat'>-</span> <span class='ocrx_word' id='word_1_257' title='bbox 1021 2625 1049 2708; x_wconf 67' lang='grc' dir='ltr'><strong>ξ.</strong></span> <span class='ocrx_word' id='word_1_258' title='bbox 1066 2628 1097 2689; x_wconf 80' lang='lat'><strong>2.</strong></span> <span class='ocrx_word' id='word_1_259' title='bbox 1114 2625 1225 2688; x_wconf 80' lang='lat' dir='ltr'><strong>Eudora</strong></span> 
     </span>
     <span class='ocr_line' id='line_1_28' title="bbox 56 2699 1226 2798; baseline 0.012 -36"><span class='ocrx_word' id='word_1_260' title='bbox 56 2699 104 2764; x_wconf 84' lang='lat' dir='ltr'><strong>lato</strong></span> <span class='ocrx_word' id='word_1_261' title='bbox 115 2707 184 2788; x_wconf 84' lang='lat' dir='ltr'><strong>juxta</strong></span> <span class='ocrx_word' id='word_1_262' title='bbox 199 2715 346 2794; x_wconf 78' lang='lat' dir='ltr'><strong>evangelii</strong></span> <span class='ocrx_word' id='word_1_263' title='bbox 362 2718 478 2778; x_wconf 88' lang='lat' dir='ltr'><strong>ductum</strong></span> <span class='ocrx_word' id='word_1_264' title='bbox 495 2715 634 2780; x_wconf 88' lang='lat' dir='ltr'><strong>salutatio</strong></span> <span class='ocrx_word' id='word_1_265' title='bbox 651 2714 804 2798; x_wconf 89' lang='lat' dir='ltr'><strong>angelica:</strong></span> <span class='ocrx_word' id='word_1_266' title='bbox 820 2716 880 2778; x_wconf 81' lang='lat' dir='ltr'><strong>hro</strong></span> <span class='ocrx_word' id='word_1_267' title='bbox 896 2713 993 2777; x_wconf 87' lang='lat' dir='ltr'><strong>Maria</strong></span> <span class='ocrx_word' id='word_1_268' title='bbox 1011 2726 1065 2778; x_wconf 89' lang='lat' dir='ltr'><strong>ete.</strong></span> <span class='ocrx_word' id='word_1_269' title='bbox 1082 2735 1135 2796; x_wconf 85' lang='lat' dir='ltr'><strong>pro</strong></span> <span class='ocrx_word' id='word_1_270' title='bbox 1152 2733 1226 2776; x_wconf 88' lang='lat' dir='ltr'><strong>cou-</strong></span> 
     </span>
     <span class='ocr_line' id='line_1_29' title="bbox 57 2787 1228 2886; baseline 0.013 -39"><span class='ocrx_word' id='word_1_271' title='bbox 57 2787 111 2854; x_wconf 84' lang='lat' dir='ltr'><strong>nione</strong></span> <span class='ocrx_word' id='word_1_272' title='bbox 124 2805 258 2866; x_wconf 79' lang='lat' dir='ltr'><strong>tractanda</strong></span> <span class='ocrx_word' id='word_1_273' title='bbox 276 2812 340 2879; x_wconf 89' lang='lat' dir='ltr'><strong>est,</strong></span> <span class='ocrx_word' id='word_1_274' title='bbox 365 2823 453 2884; x_wconf 85' lang='lat' dir='ltr'><strong>quam</strong></span> <span class='ocrx_word' id='word_1_275' title='bbox 479 2803 684 2866; x_wconf 86' lang='lat' dir='ltr'><strong>salutationem</strong></span> <span class='ocrx_word' id='word_1_276' title='bbox 703 2801 871 2866; x_wconf 88' lang='lat' dir='ltr'><strong>nullatenus</strong></span> <span class='ocrx_word' id='word_1_277' title='bbox 895 2802 1079 2886; x_wconf 88' lang='lat' dir='ltr'><strong>spernimus,</strong></span> <span class='ocrx_word' id='word_1_278' title='bbox 1105 2801 1228 2864; x_wconf 87' lang='lat' dir='ltr'><strong>comsit</strong></span> 
     </span>
     <span class='ocr_line' id='line_1_30' title="bbox 57 2885 1226 2971; baseline 0.013 -36"><span class='ocrx_word' id='word_1_279' title='bbox 57 2885 185 2962; x_wconf 83' lang='lat' dir='ltr'><strong>rorangrli</strong></span> <span class='ocrx_word' id='word_1_280' title='bbox 199 2893 234 2950; x_wconf 90' lang='lat' dir='ltr'><strong>ad</strong></span> <span class='ocrx_word' id='word_1_281' title='bbox 248 2889 306 2952; x_wconf 86' lang='lat' dir='ltr'><strong>Dei</strong></span> <span class='ocrx_word' id='word_1_282' title='bbox 323 2893 489 2952; x_wconf 88' lang='lat' dir='ltr'><strong>mandatnm</strong></span> <span class='ocrx_word' id='word_1_283' title='bbox 505 2889 588 2952; x_wconf 89' lang='lat' dir='ltr'><strong>coelo</strong></span> <span class='ocrx_word' id='word_1_284' title='bbox 606 2890 711 2953; x_wconf 89' lang='lat' dir='ltr'><strong>delata.</strong></span> <span class='ocrx_word' id='word_1_285' title='bbox 738 2891 797 2954; x_wconf 84' lang='lat' dir='ltr'><strong>Sed</strong></span> <span class='ocrx_word' id='word_1_286' title='bbox 815 2892 870 2952; x_wconf 88' lang='lat' dir='ltr'><strong>hoo</strong></span> <span class='ocrx_word' id='word_1_287' title='bbox 888 2890 1136 2971; x_wconf 84' lang='lat' dir='ltr'><strong>reprehendimus,</strong></span> <span class='ocrx_word' id='word_1_288' title='bbox 1148 2890 1226 2970; x_wconf 76' lang='lat' dir='ltr'><strong>cuod</strong></span> 
     </span>
     <span class='ocr_line' id='line_1_31' title="bbox 58 2959 1226 3054; baseline 0.012 -34"><span class='ocrx_word' id='word_1_289' title='bbox 58 2959 243 3038; x_wconf 82' lang='lat' dir='ltr'><strong>Pontificiihanc</strong></span> <span class='ocrx_word' id='word_1_290' title='bbox 269 2975 476 3040; x_wconf 87' lang='lat' dir='ltr'><strong>salutationem</strong></span> <span class='ocrx_word' id='word_1_291' title='bbox 501 2978 533 3038; x_wconf 90' lang='lat' dir='ltr'><strong>in</strong></span> <span class='ocrx_word' id='word_1_292' title='bbox 556 2977 714 3040; x_wconf 87' lang='lat' dir='ltr'><strong>orationem</strong></span> <span class='ocrx_word' id='word_1_293' title='bbox 740 2979 1015 3054; x_wconf 68' lang='lat' dir='ltr'><strong>correcturarum</strong></span> <span class='ocrx_word' id='word_1_294' title='bbox 1039 2980 1140 3038; x_wconf 87' lang='lat' dir='ltr'><strong>eadem</strong></span> <span class='ocrx_word' id='word_1_295' title='bbox 1162 2975 1226 3034; x_wconf 81' lang='lat' dir='ltr'><strong>ior-</strong></span> 
     </span>
     <span class='ocr_line' id='line_1_32' title="bbox 56 3049 1226 3145; baseline 0.011 -39"><span class='ocrx_word' id='word_1_296' title='bbox 56 3049 107 3114; x_wconf 87' lang='lat' dir='ltr'><strong>unla</strong></span> <span class='ocrx_word' id='word_1_297' title='bbox 126 3058 149 3119; x_wconf 90' lang='lat' dir='ltr'><strong>b.</strong></span> <span class='ocrx_word' id='word_1_298' title='bbox 164 3059 311 3144; x_wconf 74' lang='lat' dir='ltr'><strong>Virginem</strong></span> <span class='ocrx_word' id='word_1_299' title='bbox 333 3063 484 3141; x_wconf 84' lang='lat' dir='ltr'><strong>inrorant,</strong></span> <span class='ocrx_word' id='word_1_300' title='bbox 513 3067 589 3145; x_wconf 87' lang='lat' dir='ltr'><strong>quod</strong></span> <span class='ocrx_word' id='word_1_301' title='bbox 615 3087 652 3127; x_wconf 90' lang='lat' dir='ltr'><strong>ex</strong></span> <span class='ocrx_word' id='word_1_302' title='bbox 677 3064 815 3145; x_wconf 89' lang='lat' dir='ltr'><strong>psalterio</strong></span> <span class='ocrx_word' id='word_1_303' title='bbox 838 3063 954 3126; x_wconf 85' lang='lat' dir='ltr'><strong>Mariae</strong></span> <span class='ocrx_word' id='word_1_304' title='bbox 978 3063 1022 3126; x_wconf 85' lang='lat' dir='ltr'><strong>rel</strong></span> <span class='ocrx_word' id='word_1_305' title='bbox 1048 3084 1086 3124; x_wconf 87' lang='lat' dir='ltr'><strong>ex</strong></span> <span class='ocrx_word' id='word_1_306' title='bbox 1111 3059 1226 3122; x_wconf 88' lang='lat' dir='ltr'><strong>rosario</strong></span> 
     </span>
     <span class='ocr_line' id='line_1_33' title="bbox 56 3131 1226 3224; baseline 0.009 -24"><span class='ocrx_word' id='word_1_307' title='bbox 56 3131 134 3204; x_wconf 84' lang='lat' dir='ltr'><strong>lhriae</strong></span> <span class='ocrx_word' id='word_1_308' title='bbox 152 3149 261 3214; x_wconf 90' lang='lat' dir='ltr'><strong>abunde</strong></span> <span class='ocrx_word' id='word_1_309' title='bbox 286 3141 410 3214; x_wconf 86' lang='lat' dir='ltr'><strong>constat.</strong></span> <span class='ocrx_word' id='word_1_310' title='bbox 453 3153 528 3214; x_wconf 90' lang='lat' dir='ltr'><strong>Nam</strong></span> <span class='ocrx_word' id='word_1_311' title='bbox 560 3151 589 3212; x_wconf 91' lang='lat' dir='ltr'><strong>in</strong></span> <span class='ocrx_word' id='word_1_312' title='bbox 621 3153 732 3216; x_wconf 87' lang='lat' dir='ltr'><strong>rosario</strong></span> <span class='ocrx_word' id='word_1_313' title='bbox 765 3151 865 3216; x_wconf 88' lang='lat' dir='ltr'><strong>decies</strong></span> <span class='ocrx_word' id='word_1_314' title='bbox 897 3161 997 3214; x_wconf 87' lang='lat' dir='ltr'><strong>orant:</strong></span> <span class='ocrx_word' id='word_1_315' title='bbox 1026 3151 1088 3214; x_wconf 78' lang='lat' dir='ltr'><strong>hro</strong></span> <span class='ocrx_word' id='word_1_316' title='bbox 1119 3147 1226 3224; x_wconf 88' lang='lat' dir='ltr'><strong>Maria,</strong></span> 
     </span>
     <span class='ocr_line' id='line_1_34' title="bbox 55 3235 1226 3316; baseline 0.014 -36"><span class='ocrx_word' id='word_1_317' title='bbox 55 3235 167 3307; x_wconf 78' lang='lat' dir='ltr'><strong>antequam</strong></span> <span class='ocrx_word' id='word_1_318' title='bbox 186 3235 276 3300; x_wconf 82' lang='lat' dir='ltr'><strong>semel</strong></span> <span class='ocrx_word' id='word_1_319' title='bbox 302 3239 462 3303; x_wconf 87' lang='lat' dir='ltr'><strong>orationem</strong></span> <span class='ocrx_word' id='word_1_320' title='bbox 488 3237 660 3302; x_wconf 86' lang='lat' dir='ltr'><strong>dominicam</strong></span> <span class='ocrx_word' id='word_1_321' title='bbox 685 3239 817 3301; x_wconf 90' lang='lat' dir='ltr'><strong>recitant.</strong></span> <span class='ocrx_word' id='word_1_322' title='bbox 858 3239 937 3316; x_wconf 79' lang='lat' dir='ltr'><strong>Quin</strong></span> <span class='ocrx_word' id='word_1_323' title='bbox 968 3250 996 3301; x_wconf 92' lang='lat' dir='ltr'><strong>et</strong></span> <span class='ocrx_word' id='word_1_324' title='bbox 1024 3238 1055 3300; x_wconf 88' lang='lat' dir='ltr'><strong>in</strong></span> <span class='ocrx_word' id='word_1_325' title='bbox 1085 3236 1226 3298; x_wconf 87' lang='lat' dir='ltr'><strong>honorem</strong></span> 
     </span>
     <span class='ocr_line' id='line_1_35' title="bbox 55 3305 1226 3406; baseline 0.014 -39"><span class='ocrx_word' id='word_1_326' title='bbox 55 3305 171 3383; x_wconf 78' lang='lat' dir='ltr'><strong>hinnirent</strong></span> <span class='ocrx_word' id='word_1_327' title='bbox 193 3324 378 3388; x_wconf 78' lang='lat' dir='ltr'><strong>salutationis</strong></span> <span class='ocrx_word' id='word_1_328' title='bbox 403 3324 558 3406; x_wconf 76' lang='lat' dir='ltr'><strong>angelicae</strong></span> <span class='ocrx_word' id='word_1_329' title='bbox 581 3324 734 3389; x_wconf 83' lang='lat' dir='ltr'><strong>Alanus</strong></span> <span class='ocrx_word' id='word_1_330' title='bbox 761 3322 804 3388; x_wconf 93' lang='lat' dir='ltr'><strong>de</strong></span> <span class='ocrx_word' id='word_1_331' title='bbox 829 3326 956 3406; x_wconf 87' lang='lat' dir='ltr'><strong>Rupe,</strong></span> <span class='ocrx_word' id='word_1_332' title='bbox 984 3325 1144 3388; x_wconf 88' lang='lat' dir='ltr'><strong>monachos</strong></span> <span class='ocrx_word' id='word_1_333' title='bbox 1161 3324 1226 3384; x_wconf 88' lang='lat' dir='ltr'><strong>Dc-</strong></span> 
     </span>
     <span class='ocr_line' id='line_1_36' title="bbox 56 3396 1227 3492; baseline 0.011 -37"><span class='ocrx_word' id='word_1_334' title='bbox 56 3396 176 3469; x_wconf 89' lang='lat' dir='ltr'><strong>ninlcnnns</strong></span> <span class='ocrx_word' id='word_1_335' title='bbox 197 3432 224 3472; x_wconf 86' lang='lat' dir='ltr'><strong>a.</strong></span> <span class='ocrx_word' id='word_1_336' title='bbox 242 3413 311 3474; x_wconf 76' lang='lat' dir='ltr'><strong>cns.</strong></span> <span class='ocrx_word' id='word_1_337' title='bbox 331 3413 432 3490; x_wconf 81' lang='lat'><strong>1430,</strong></span> <span class='ocrx_word' id='word_1_338' title='bbox 456 3412 665 3476; x_wconf 82' lang='lat' dir='ltr'><strong>fraternitatem</strong></span> <span class='ocrx_word' id='word_1_339' title='bbox 683 3413 789 3474; x_wconf 85' lang='lat' dir='ltr'><strong>roserii</strong></span> <span class='ocrx_word' id='word_1_340' title='bbox 810 3411 954 3486; x_wconf 89' lang='lat' dir='ltr'><strong>instituit,</strong></span> <span class='ocrx_word' id='word_1_341' title='bbox 971 3411 1001 3472; x_wconf 89' lang='lat' dir='ltr'><strong>in</strong></span> <span class='ocrx_word' id='word_1_342' title='bbox 1017 3433 1074 3492; x_wconf 84' lang='lat' dir='ltr'><strong>quo</strong></span> <span class='ocrx_word' id='word_1_343' title='bbox 1090 3408 1227 3490; x_wconf 85' lang='lat' dir='ltr'><strong>monachi</strong></span> 
     </span>
     <span class='ocr_line' id='line_1_37' title="bbox 56 3484 1226 3582; baseline 0.013 -42"><span class='ocrx_word' id='word_1_344' title='bbox 56 3484 77 3542; x_wconf 85' lang='lat' dir='ltr'><strong>ni</strong></span> <span class='ocrx_word' id='word_1_345' title='bbox 88 3503 174 3558; x_wconf 85' lang='lat' dir='ltr'><strong>certum</strong></span> <span class='ocrx_word' id='word_1_346' title='bbox 191 3497 377 3578; x_wconf 74' lang='lat' dir='ltr'><strong>globulorum</strong></span> <span class='ocrx_word' id='word_1_347' title='bbox 393 3521 556 3576; x_wconf 76' lang='lat' dir='ltr'><strong>numerurm,</strong></span> <span class='ocrx_word' id='word_1_348' title='bbox 579 3521 670 3582; x_wconf 81' lang='lat' dir='ltr'><strong>qnos:</strong></span> <span class='ocrx_word' id='word_1_349' title='bbox 687 3511 768 3580; x_wconf 84' lang='lat' dir='ltr'><strong>poter</strong></span> <span class='ocrx_word' id='word_1_350' title='bbox 783 3510 876 3562; x_wconf 82' lang='lat' dir='ltr'><strong>noster</strong></span> <span class='ocrx_word' id='word_1_351' title='bbox 891 3508 1011 3574; x_wconf 85' lang='lat' dir='ltr'><strong>vocant,</strong></span> <span class='ocrx_word' id='word_1_352' title='bbox 1027 3496 1155 3578; x_wconf 72' lang='lat' dir='ltr'><strong>quotidie</strong></span> <span class='ocrx_word' id='word_1_353' title='bbox 1172 3497 1226 3556; x_wconf 91' lang='lat' dir='ltr'><strong>de-</strong></span> 
     </span>
     <span class='ocr_line' id='line_1_38' title="bbox 57 3572 1226 3670; baseline 0.013 -40"><span class='ocrx_word' id='word_1_354' title='bbox 57 3572 133 3666; x_wconf 64' lang='lat' dir='ltr'><strong>votione</strong></span> <span class='ocrx_word' id='word_1_355' title='bbox 154 3603 257 3664; x_wconf 88' lang='lat' dir='ltr'><strong>magna</strong></span> <span class='ocrx_word' id='word_1_356' title='bbox 290 3586 472 3649; x_wconf 85' lang='lat' dir='ltr'><strong>deblaterant</strong></span> <span class='ocrx_word' id='word_1_357' title='bbox 505 3609 626 3670; x_wconf 88' lang='lat' dir='ltr'><strong>eamque</strong></span> <span class='ocrx_word' id='word_1_358' title='bbox 650 3590 678 3649; x_wconf 87' lang='lat' dir='ltr'><strong>b.</strong></span> <span class='ocrx_word' id='word_1_359' title='bbox 704 3586 819 3667; x_wconf 80' lang='lat' dir='ltr'><strong>Virgini</strong></span> <span class='ocrx_word' id='word_1_360' title='bbox 842 3594 1045 3649; x_wconf 86' lang='lat' dir='ltr'><strong>annumerant.</strong></span> <span class='ocrx_word' id='word_1_361' title='bbox 1084 3581 1226 3662; x_wconf 80' lang='lat' dir='ltr'><strong>Lepidam</strong></span> 
     </span>
     <span class='ocr_line' id='line_1_39' title="bbox 57 3651 1226 3752; baseline 0.012 -34"><span class='ocrx_word' id='word_1_362' title='bbox 57 3651 162 3730; x_wconf 74' lang='lat' dir='ltr'><strong>historiam</strong></span> <span class='ocrx_word' id='word_1_363' title='bbox 182 3669 236 3734; x_wconf 90' lang='lat' dir='ltr'><strong>hac</strong></span> <span class='ocrx_word' id='word_1_364' title='bbox 260 3675 295 3735; x_wconf 92' lang='lat' dir='ltr'><strong>de</strong></span> <span class='ocrx_word' id='word_1_365' title='bbox 320 3695 367 3751; x_wconf 89' lang='lat' dir='ltr'><strong>rc,</strong></span> <span class='ocrx_word' id='word_1_366' title='bbox 391 3674 421 3747; x_wconf 80' lang='lat' dir='ltr'><strong>si</strong></span> <span class='ocrx_word' id='word_1_367' title='bbox 440 3685 536 3737; x_wconf 89' lang='lat' dir='ltr'><strong>tamon</strong></span> <span class='ocrx_word' id='word_1_368' title='bbox 561 3686 605 3737; x_wconf 90' lang='lat' dir='ltr'><strong>est</strong></span> <span class='ocrx_word' id='word_1_369' title='bbox 628 3674 766 3752; x_wconf 87' lang='lat' dir='ltr'><strong>historia,</strong></span> <span class='ocrx_word' id='word_1_370' title='bbox 793 3695 830 3736; x_wconf 86' lang='lat' dir='ltr'><strong>ex</strong></span> <span class='ocrx_word' id='word_1_371' title='bbox 852 3670 1075 3736; x_wconf 82' lang='lat' dir='ltr'><strong>Tritteuheimio</strong></span> <span class='ocrx_word' id='word_1_372' title='bbox 1097 3669 1226 3732; x_wconf 87' lang='lat' dir='ltr'><strong>Balaens</strong></span> 
     </span>
     <span class='ocr_line' id='line_1_40' title="bbox 58 3737 1227 3842; baseline 0.003 -27"><span class='ocrx_word' id='word_1_373' title='bbox 58 3737 283 3822; x_wconf 69' lang='lat' dir='ltr'><strong>lentaretur:</strong></span> <span class='ocrx_word' id='word_1_374' title='bbox 310 3765 382 3842; x_wconf 76' lang='lat' dir='ltr'><strong>qood</strong></span> <span class='ocrx_word' id='word_1_375' title='bbox 406 3764 431 3823; x_wconf 85' lang='lat' dir='ltr'><strong>lr.</strong></span> <span class='ocrx_word' id='word_1_376' title='bbox 458 3769 561 3842; x_wconf 76' lang='lat' dir='ltr'><strong>Virgo,</strong></span> <span class='ocrx_word' id='word_1_377' title='bbox 584 3773 615 3824; x_wconf 85' lang='lat' dir='ltr'><strong>ot</strong></span> <span class='ocrx_word' id='word_1_378' title='bbox 645 3785 697 3842; x_wconf 87' lang='lat' dir='ltr'><strong>pro</strong></span> <span class='ocrx_word' id='word_1_379' title='bbox 728 3764 837 3823; x_wconf 85' lang='lat' dir='ltr'><strong>condito</strong></span> <span class='ocrx_word' id='word_1_380' title='bbox 867 3767 977 3824; x_wconf 81' lang='lat' dir='ltr'><strong>rosario</strong></span> <span class='ocrx_word' id='word_1_381' title='bbox 1002 3769 1028 3820; x_wconf 87' lang='lat' dir='ltr'><strong>et</strong></span> <span class='ocrx_word' id='word_1_382' title='bbox 1050 3761 1227 3836; x_wconf 73' lang='lat' dir='ltr'><strong>fmtcrnllute</strong></span> 
     </span>
     <span class='ocr_line' id='line_1_41' title="bbox 57 3844 1225 3928; baseline 0.005 -26"><span class='ocrx_word' id='word_1_383' title='bbox 57 3844 125 3898; x_wconf 65' lang='lat' dir='ltr'><strong>taneta</strong></span> <span class='ocrx_word' id='word_1_384' title='bbox 137 3846 224 3908; x_wconf 80' lang='lat' dir='ltr'><strong>Alone</strong></span> <span class='ocrx_word' id='word_1_385' title='bbox 240 3853 373 3912; x_wconf 78' lang='lat' dir='ltr'><strong>manocho</strong></span> <span class='ocrx_word' id='word_1_386' title='bbox 386 3855 498 3928; x_wconf 78' lang='lat' dir='ltr'><strong>proiice</strong></span> <span class='ocrx_word' id='word_1_387' title='bbox 513 3853 635 3926; x_wconf 64' lang='lat' dir='ltr'><strong>referret,</strong></span> <span class='ocrx_word' id='word_1_388' title='bbox 652 3857 683 3911; x_wconf 78' lang='lat' dir='ltr'><strong>in</strong></span> <span class='ocrx_word' id='word_1_389' title='bbox 698 3853 825 3911; x_wconf 83' lang='lat' dir='ltr'><strong>cellolam</strong></span> <span class='ocrx_word' id='word_1_390' title='bbox 842 3851 902 3926; x_wconf 75' lang='lat' dir='ltr'><strong>eina</strong></span> <span class='ocrx_word' id='word_1_391' title='bbox 916 3855 1042 3926; x_wconf 81' lang='lat' dir='ltr'><strong>inpresso</strong></span> <span class='ocrx_word' id='word_1_392' title='bbox 1058 3853 1111 3922; x_wconf 85' lang='lat' dir='ltr'><strong>sit,</strong></span> <span class='ocrx_word' id='word_1_393' title='bbox 1128 3848 1161 3907; x_wconf 85' lang='lat' dir='ltr'><strong>de</strong></span> <span class='ocrx_word' id='word_1_394' title='bbox 1175 3867 1225 3908; x_wconf 86' lang='lat' dir='ltr'><strong>oc·</strong></span> 
     </span>
     <span class='ocr_line' id='line_1_42' title="bbox 57 3919 1224 4018; baseline 0.008 -33"><span class='ocrx_word' id='word_1_395' title='bbox 57 3919 105 3987; x_wconf 74' lang='lat' dir='ltr'><strong>illle</strong></span> <span class='ocrx_word' id='word_1_396' title='bbox 117 3935 167 3990; x_wconf 83' lang='lat' dir='ltr'><strong>rtis</strong></span> <span class='ocrx_word' id='word_1_397' title='bbox 180 3939 313 3996; x_wconf 82' lang='lat' dir='ltr'><strong>annulum</strong></span> <span class='ocrx_word' id='word_1_398' title='bbox 327 3939 423 4011; x_wconf 69' lang='lat' dir='ltr'><strong>fecerit</strong></span> <span class='ocrx_word' id='word_1_399' title='bbox 437 3939 542 4018; x_wconf 74' lang='lat' dir='ltr'><strong>albione</strong></span> <span class='ocrx_word' id='word_1_400' title='bbox 552 3939 735 4014; x_wconf 83' lang='lat' dir='ltr'><strong>desponderit,</strong></span> <span class='ocrx_word' id='word_1_401' title='bbox 753 3943 818 4016; x_wconf 81' lang='grc' dir='ltr'>ᾳιιιιι</span> <span class='ocrx_word' id='word_1_402' title='bbox 835 3947 861 3997; x_wconf 78' lang='grc' dir='ltr'>οι</span> <span class='ocrx_word' id='word_1_403' title='bbox 877 3937 999 3997; x_wconf 83' lang='lat' dir='ltr'><strong>osculnm</strong></span> <span class='ocrx_word' id='word_1_404' title='bbox 1016 3935 1119 3996; x_wconf 78' lang='lat' dir='ltr'><strong>dederit</strong></span> <span class='ocrx_word' id='word_1_405' title='bbox 1130 3953 1224 3996; x_wconf 86' lang='lat' dir='ltr'><strong>otom-</strong></span> 
     </span>
     <span class='ocr_line' id='line_1_43' title="bbox 57 4017 1226 4104; baseline 0.003 -25"><span class='ocrx_word' id='word_1_406' title='bbox 57 4017 132 4088; x_wconf 58' lang='lat' dir='ltr'><strong>nonque</strong></span> <span class='ocrx_word' id='word_1_407' title='bbox 143 4025 343 4084; x_wconf 77' lang='lat' dir='ltr'><strong>contrectandos</strong></span> <span class='ocrx_word' id='word_1_408' title='bbox 355 4034 383 4084; x_wconf 79' lang='lat' dir='ltr'><strong>ct</strong></span> <span class='ocrx_word' id='word_1_409' title='bbox 395 4027 561 4097; x_wconf 83' lang='lat' dir='ltr'><strong>lactandos,</strong></span> <span class='ocrx_word' id='word_1_410' title='bbox 576 4034 725 4104; x_wconf 81' lang='lat' dir='ltr'><strong>posteaque</strong></span> <span class='ocrx_word' id='word_1_411' title='bbox 747 4026 790 4085; x_wconf 82' lang='lat' dir='ltr'><strong>illi</strong></span> <span class='ocrx_word' id='word_1_412' title='bbox 813 4033 871 4084; x_wconf 89' lang='lat' dir='ltr'><strong>tom</strong></span> <span class='ocrx_word' id='word_1_413' title='bbox 895 4023 1051 4098; x_wconf 78' lang='lat' dir='ltr'><strong>famil-ioris</strong></span> <span class='ocrx_word' id='word_1_414' title='bbox 1074 4025 1176 4097; x_wconf 73' lang='lat' dir='ltr'><strong>farcit,</strong></span> <span class='ocrx_word' id='word_1_415' title='bbox 1195 4029 1226 4082; x_wconf 87' lang='grc' dir='ltr'><strong>ιιι</strong></span> 
     </span>
     <span class='ocr_line' id='line_1_44' title="bbox 58 4105 995 4190; baseline 0.006 -26"><span class='ocrx_word' id='word_1_416' title='bbox 58 4105 127 4164; x_wconf 72' lang='lat' dir='ltr'><strong>Vltro</strong></span> <span class='ocrx_word' id='word_1_417' title='bbox 140 4107 201 4168; x_wconf 76' lang='lat' dir='ltr'><strong>solat</strong></span> <span class='ocrx_word' id='word_1_418' title='bbox 217 4131 274 4172; x_wconf 82' lang='lat' dir='ltr'><strong>ease</strong></span> <span class='ocrx_word' id='word_1_419' title='bbox 289 4131 339 4172; x_wconf 86' lang='lat' dir='ltr'><strong>eoo</strong></span> <span class='ocrx_word' id='word_1_420' title='bbox 355 4131 468 4190; x_wconf 83' lang='lat' dir='ltr'><strong>sponso.</strong></span> <span class='ocrx_word' id='word_1_421' title='bbox 504 4110 562 4172; x_wconf 88' lang='lat' dir='ltr'><strong>Sed</strong></span> <span class='ocrx_word' id='word_1_422' title='bbox 580 4109 653 4172; x_wconf 85' lang='lat' dir='ltr'><strong>fides</strong></span> <span class='ocrx_word' id='word_1_423' title='bbox 671 4111 709 4174; x_wconf 88' lang='lat' dir='ltr'><strong>sit</strong></span> <span class='ocrx_word' id='word_1_424' title='bbox 725 4108 814 4189; x_wconf 80' lang='lat' dir='ltr'><strong>penes</strong></span> <span class='ocrx_word' id='word_1_425' title='bbox 832 4109 995 4172; x_wconf 87' lang='lat' dir='ltr'><strong>auctorem!</strong></span> 
     </span>
    </p>

    <p class='ocr_par' dir='ltr' id='par_1_6' title="bbox 58 4184 1337 4550">
     <span class='ocr_line' id='line_1_45' title="bbox 112 4184 1224 4280; baseline 0.004 -31"><span class='ocrx_word' id='word_1_426' title='bbox 112 4184 318 4258; x_wconf 86' lang='lat' dir='ltr'><strong>llehdonns</strong></span> <span class='ocrx_word' id='word_1_427' title='bbox 341 4217 481 4278; x_wconf 82' lang='lat' dir='ltr'><strong>magna</strong></span> <span class='ocrx_word' id='word_1_428' title='bbox 506 4196 597 4278; x_wconf 82' lang='lat' dir='ltr'><strong>(stille</strong></span> <span class='ocrx_word' id='word_1_429' title='bbox 624 4197 759 4274; x_wconf 87' lang='lat' dir='ltr'><strong>Wocbe).</strong></span> <span class='ocrx_word' id='word_1_430' title='bbox 792 4197 867 4280; x_wconf 82' lang='lat' dir='ltr'><strong>§.L</strong></span> <span class='ocrx_word' id='word_1_431' title='bbox 909 4197 995 4260; x_wconf 80' lang='lat' dir='ltr'><strong>Duae</strong></span> <span class='ocrx_word' id='word_1_432' title='bbox 1020 4193 1224 4266; x_wconf 84' lang='lat' dir='ltr'><strong>hebdomades,</strong></span> 
     </span>
     <span class='ocr_line' id='line_1_46' title="bbox 59 4277 1224 4366; baseline 0.002 -29"><span class='ocrx_word' id='word_1_433' title='bbox 59 4277 142 4337; x_wconf 76' lang='lat' dir='ltr'><strong>tmrnm</strong></span> <span class='ocrx_word' id='word_1_434' title='bbox 157 4279 242 4344; x_wconf 89' lang='lat' dir='ltr'><strong>altera</strong></span> <span class='ocrx_word' id='word_1_435' title='bbox 257 4283 363 4356; x_wconf 84' lang='lat' dir='ltr'><strong>festum</strong></span> <span class='ocrx_word' id='word_1_436' title='bbox 380 4285 538 4366; x_wconf 85' lang='lat' dir='ltr'><strong>paschatos</strong></span> <span class='ocrx_word' id='word_1_437' title='bbox 555 4283 687 4365; x_wconf 86' lang='lat' dir='ltr'><strong>proxime</strong></span> <span class='ocrx_word' id='word_1_438' title='bbox 703 4283 869 4365; x_wconf 88' lang='lat' dir='ltr'><strong>praecedit,</strong></span> <span class='ocrx_word' id='word_1_439' title='bbox 887 4285 924 4345; x_wconf 92' lang='lat' dir='ltr'><strong>ab</strong></span> <span class='ocrx_word' id='word_1_440' title='bbox 941 4279 1146 4364; x_wconf 82' lang='lat' dir='ltr'><strong>Apostolorum</strong></span> <span class='ocrx_word' id='word_1_441' title='bbox 1162 4280 1224 4340; x_wconf 85' lang='lat' dir='ltr'><strong>lere</strong></span> 
     </span>
     <span class='ocr_line' id='line_1_47' title="bbox 59 4355 1225 4462; baseline 0.002 -39"><span class='ocrx_word' id='word_1_442' title='bbox 59 4355 147 4444; x_wconf 47' lang='lat' dir='ltr'><strong>librare</strong></span> <span class='ocrx_word' id='word_1_443' title='bbox 161 4363 188 4426; x_wconf 89' lang='lat' dir='ltr'><strong>in</strong></span> <span class='ocrx_word' id='word_1_444' title='bbox 204 4361 327 4434; x_wconf 85' lang='lat' dir='ltr'><strong>ecclesia</strong></span> <span class='ocrx_word' id='word_1_445' title='bbox 344 4367 482 4435; x_wconf 81' lang='lat' dir='ltr'><strong>solennes</strong></span> <span class='ocrx_word' id='word_1_446' title='bbox 506 4372 633 4448; x_wconf 78' lang='lat' dir='ltr'><strong>luerunt.</strong></span> <span class='ocrx_word' id='word_1_447' title='bbox 666 4369 801 4433; x_wconf 88' lang='lat' dir='ltr'><strong>Meminit</strong></span> <span class='ocrx_word' id='word_1_448' title='bbox 824 4369 901 4432; x_wconf 89' lang='lat' dir='ltr'><strong>enim</strong></span> <span class='ocrx_word' id='word_1_449' title='bbox 927 4369 1135 4433; x_wconf 89' lang='lat' dir='ltr'><strong>hebdomadem</strong></span> <span class='ocrx_word' id='word_1_450' title='bbox 1146 4385 1225 4462; x_wconf 84' lang='lat' dir='ltr'><strong>pas-</strong></span> 
     </span>
     <span class='ocr_line' id='line_1_48' title="bbox 58 4442 1337 4550; baseline 0.012 -37"><span class='ocrx_word' id='word_1_451' title='bbox 58 4442 121 4507; x_wconf 71' lang='lat' dir='ltr'><strong>⁸¹⁰llt</strong></span> <span class='ocrx_word' id='word_1_452' title='bbox 140 4451 305 4522; x_wconf 83' lang='lat' dir='ltr'><strong>celebratam</strong></span> <span class='ocrx_word' id='word_1_453' title='bbox 326 4459 388 4542; x_wconf 88' lang='lat' dir='ltr'><strong>jam</strong></span> <span class='ocrx_word' id='word_1_454' title='bbox 413 4480 468 4522; x_wconf 93' lang='lat' dir='ltr'><strong>suo</strong></span> <span class='ocrx_word' id='word_1_455' title='bbox 487 4468 623 4550; x_wconf 53' lang='lat' dir='ltr'><strong>xtenrpore</strong></span> <span class='ocrx_word' id='word_1_456' title='bbox 647 4458 680 4522; x_wconf 82' lang='lat' dir='ltr'><strong>S.</strong></span> <span class='ocrx_word' id='word_1_457' title='bbox 704 4456 840 4538; x_wconf 84' lang='lat' dir='ltr'><strong>ignatius</strong></span> <span class='ocrx_word' id='word_1_458' title='bbox 861 4457 893 4518; x_wconf 90' lang='lat' dir='ltr'><strong>in</strong></span> <span class='ocrx_word' id='word_1_459' title='bbox 916 4478 962 4538; x_wconf 89' lang='lat' dir='ltr'><strong>ep.</strong></span> <span class='ocrx_word' id='word_1_460' title='bbox 987 4457 1024 4517; x_wconf 91' lang='lat' dir='ltr'><strong>ad</strong></span> <span class='ocrx_word' id='word_1_461' title='bbox 1040 4450 1224 4525; x_wconf 73' lang='lat' dir='ltr'><strong>Philadell’l&#39;·</strong></span> <span class='ocrx_word' id='word_1_462' title='bbox 1335 4481 1337 4486; x_wconf 81' lang='grc'>’</span> 
     </span>
    </p>
   </div>
   <div class='ocr_carea' id='block_1_5' title="bbox 0 0 1466 4904">
    <p class='ocr_par' dir='ltr' id='par_1_7' title="bbox 0 0 1466 4904">
     <span class='ocr_line' id='line_1_49' title="bbox 0 0 1466 4904; baseline 0 0"><span class='ocrx_word' id='word_1_463' title='bbox 0 0 1466 4904; x_wconf 95' lang='lat' dir='ltr'><strong> </strong></span> 
     </span>
    </p>
   </div>
  </div>
 </body>
</html>
