2916 4904
8 327 10 374 t
179 337 181 347 ,
254 283 370 349 dedici
394 287 470 352 dom.
491 305 539 368 op.
562 294 620 352 retr
642 255 826 354 Christianos
848 287 1055 356 celebratione.
1218 291 1263 364 09

8 509 9 514 ,
36 458 191 538 infirmus,
214 480 274 542 qno
297 458 426 524 iniimus
449 461 662 538 lucriiiourcnr
692 464 819 546 deniqne
840 463 995 545 quibusvis
1021 461 1136 545 quidvis
1151 463 1214 548 iul,
1229 473 1263 530 ut

37 547 296 630 eminuliqnos
309 553 487 613 serrorum.“
521 552 537 614 l
556 549 626 614 Cor.
641 546 672 626 9,
690 551 829 614 etr-22.
847 551 886 628 *).

76 717 78 722 ,
126 634 263 716 Apostoli
280 635 372 714 igitur
386 639 422 698 de
438 639 528 700 relus
545 637 639 702 sceris
656 648 684 700 st
698 637 783 700 iestis
800 637 903 700 elichus
916 637 1096 718 judicarunt,
1108 645 1207 718 utpote
1223 641 1261 721 dp

38 725 139 798 relus,
157 743 243 804 ques,
260 743 348 806 quum
364 743 422 786 non
438 727 476 786 od
492 725 584 806 ipsum
602 724 764 806 pertineant
778 724 959 805 religionem,
974 723 1160 790 Christianus
1178 726 1262 808 quis-

38 831 94 890 quo
111 821 169 872 unt
189 813 347 888 ohservare
370 811 466 892 possit
481 820 533 879 eut
558 811 720 892 negligere.
753 813 823 874 inde
840 811 1051 889 concludimus,
1068 812 1260 894 dioscoritis,

39 918 116 978 quse
131 899 192 958 huc
209 908 384 980 spectarent,
402 897 487 978 leges
504 900 699 962 sectatoribus
716 897 781 962 snis
805 917 969 982 proponere
986 921 1025 962 no
1043 899 1176 963 uoluisse
1193 901 1261 983 qni-

39 987 104 1046 dem
121 983 178 1070 ⁹).
209 986 328 1064 Meiere
344 986 440 1067 potius
457 998 555 1063 erunt,
571 1008 646 1068 qnne
662 989 822 1050 cumbunt:
846 987 926 1048 verhi
944 987 1033 1050 divini
1053 1007 1105 1065 por
1120 998 1261 1058 terrum·

14 1077 20 1092 ‘
40 1074 139 1136 orliens
155 1073 336 1153 praedicatio
353 1085 381 1136 et
396 1075 574 1146 ludaeorum
591 1085 620 1136 et
634 1073 787 1156 gentilium
813 1076 849 1136 sd
866 1073 951 1136 idem
974 1073 1005 1136 in
1023 1073 1170 1140 Christum
1187 1077 1261 1142 Ser-

39 1160 319 1235 immemoratio,
343 1159 440 1224 inisero
462 1163 639 1238 Judoeornm
666 1161 823 1242 praecipuo
847 1159 994 1242 opinionis
1017 1163 1054 1224 de
1076 1163 1261 1228 eliserssstls

40 1244 108 1325 lege
123 1245 223 1310 Musis
250 1247 448 1326 corintiniani,
474 1250 559 1331 querci
582 1252 620 1312 cd
638 1269 737 1312 reram
758 1249 881 1312 salntem
904 1247 1130 1312 nanciscendam
1153 1271 1260 1316 ncces-

41 1334 135 1411 serin,
161 1333 308 1398 refutatio.
353 1335 476 1412 Omitto,
503 1339 580 1418 qood
596 1336 840 1400 Moshemius
858 1334 918 1414 ***)
943 1343 1106 1417 opportune
1130 1357 1260 1400 comme-

43 1430 148 1499 moret,
172 1426 330 1486 incredibile
343 1445 418 1500 esse,
434 1428 599 1504 Apostolos,
625 1432 673 1506 qui
698 1435 838 1488 terrorum
863 1427 938 1486 oriris
952 1429 1069 1486 esitium
1092 1427 1261 1508 alterumque
1373 1503 1376 1510 Δ

41 1515 201 1580 Serontpris
216 1520 307 1575 sostei
330 1515 477 1574 odoerrtnrn
500 1519 642 1574 imminere
663 1515 820 1591 portoient,
843 1513 877 1572 do
898 1515 1030 1590 caliptum
1053 1518 1209 1594 cerimoniis
1232 1523 1281 1596 si·

40 1600 133 1658 dicius
148 1600 232 1674 fmtis
247 1601 417 1661 ornondnst
432 1601 581 1660 monendo
595 1602 729 1660 sollicitos
744 1602 844 1675 fuisso.
913 1650 915 1656 ,
1230 1609 1236 1620 ’

127 1687 189 1746 Sed
205 1695 275 1748 sunt
298 1687 374 1748 inter
389 1686 468 1748 viros
491 1689 610 1762 doctos,
635 1695 667 1748 ut
682 1685 712 1746 in
738 1683 978 1748 antecedentibus
1004 1695 1260 1753 commemoratum

40 1781 93 1848 est,
112 1771 162 1854 qui
180 1773 235 1834 hoc
250 1774 373 1854 quidem·
384 1774 469 1836 nohis
486 1776 658 1850 concedent,
675 1773 866 1836 nihilominus
883 1784 978 1836 tomen
995 1775 1181 1851 contendant,
1196 1775 1258 1856 ism

39 1879 112 1921 uero
137 1858 301 1940 apostolico
323 1863 403 1942 apud
419 1857 602 1924 Christianos
626 1879 713 1922 nsum
738 1859 797 1922 diei
818 1860 953 1922 dominici
979 1859 1146 1924 celebrandi
1164 1873 1259 1925 ortnm

38 1953 116 2008 eise.
143 1947 241 2024 Quem
256 1969 341 2010 nsum
358 1958 459 2029 putant
476 1948 618 2027 originem
635 1947 762 2016 trsxisse
779 1968 797 2010 o
813 1947 896 2030 primi
910 1947 1142 2012 Christianorum
1156 1959 1258 2012 coetos
1297 1981 1300 1986 ·

38 2033 297 2116 Hierosolyrrrituui
309 2031 453 2117 exemplo,
467 2037 544 2116 quod
562 2057 663 2098 omnes
680 2048 781 2116 postes
797 2035 942 2098 ecclosino
953 2034 1080 2098 imitutse
1098 2045 1198 2116 essent
1211 2037 1259 2118 †).

39 2125 76 2184 ht
91 2143 170 2203 quoe
183 2115 289 2204 suerso
305 2123 406 2186 literne
424 2125 459 2184 de
475 2123 530 2184 irco
545 2124 745 2186 vetustissimo
756 2122 991 2186 Christianorum
1007 2121 1120 2186 ismilie
1132 2127 1258 2204 uadunt,

40 2217 104 2270 cuni
121 2211 178 2274 hae
196 2211 366 2292 conjecturs
381 2211 459 2272 hond
475 2209 611 2272 ridentur
627 2231 802 2290 congruere.
832 2211 979 2272 Dicuntur
1004 2211 1081 2274 enim
1099 2210 1258 2276 Christiani

40 2296 297 2380 llismsolymitoni
314 2297 443 2379 qnotidie
458 2297 545 2359 simnl
563 2298 678 2360 adsidui
693 2298 725 2360 in
741 2295 847 2378 templo
863 2297 959 2360 fuisse
976 2307 1005 2359 st
1020 2297 1051 2358 in
1068 2297 1187 2377 privetis
1202 2319 1258 2360 se·

41 2384 130 2446 dihns
152 2403 257 2465 ponem
282 2385 412 2464 fregisse
435 2384 513 2465 (Art.
529 2383 560 2460 ²,
576 2385 654 2461 led),
678 2383 836 2464 itidemque
852 2383 986 2466 Apostoli
1010 2393 1038 2444 et
1054 2383 1085 2444 in
1106 2383 1259 2464 tempiset

40 2471 119 2532 inira
135 2473 259 2552 periotes
274 2476 380 2536 docere
396 2482 424 2535 et
440 2473 541 2534 iesum
559 2470 706 2532 Christum
730 2469 866 2531 sundere
888 2490 945 2529 non
970 2469 1163 2532 intermisisse
1179 2471 1258 2550 (hei.
1288 2525 1293 2534 ,

2 2575 3 2586 ’
40 2557 69 2636 5,
84 2561 162 2638 ⁴2).
196 2561 281 2624 Unde
299 2560 510 2642 ‘consequitum
539 2579 590 2620 ecs
614 2557 727 2619 nnllnm
752 2556 829 2620 ister
851 2554 987 2636 singulos
1012 2556 1078 2618 dies
1100 2556 1258 2622 discrimen

40 2649 177 2723 (saihsto
192 2648 330 2730 excepto)
344 2648 454 2713 iecisse
467 2667 564 2728 neque
581 2644 748 2708 sclisdiem
765 2644 870 2708 ceteris
888 2644 1071 2724 praetulisse.
1110 2644 1186 2706 linrn
1203 2645 1258 2709 etsi

41 2735 157 2816 singulo
173 2736 276 2798 Lucere
292 2737 381 2802 rerer
398 2755 456 2796 nso
472 2735 514 2796 itn
530 2736 663 2814 urgenda
680 2743 766 2809 sust,
783 2742 815 2796 ut
831 2755 868 2795 ex
885 2731 922 2794 iis
938 2731 1122 2795 Christianos
1140 2736 1177 2795 nd
1193 2733 1257 2796 iru-

41 2826 166 2902 geudnm
184 2843 288 2902 ponem
306 2843 340 2886 se
364 2821 492 2904 quotidie
518 2829 719 2902 congregasse
743 2830 831 2902 qneot
844 2820 1064 2896 demonstrari:
1089 2821 1145 2882 hoc
1162 2831 1258 2884 temes

41 2923 136 2992 operte
152 2910 295 2989 indicunt,
309 2909 566 2992 frequentissimos
584 2909 679 2972 inisse
691 2909 746 2970 iilo
761 2919 890 2988 tempore
899 2906 1130 2970 Christianorum
1145 2907 1258 2970 Hiero-

42 2998 277 3080 solymitsssrum
294 3009 455 3060 conventus
472 3008 501 3059 st
515 3007 572 3060 tarn
588 3017 679 3078 saepe
695 3006 786 3072 octos,
803 3016 889 3077 quem
907 2997 1056 3056 commode
1070 2993 1135 3070 lieri
1151 3006 1257 3074 potne-

41 3085 83 3148 rit.
113 3085 185 3164 Huc
201 3085 323 3162 secedit,
341 3087 418 3168 quod
435 3105 472 3147 ne
487 3105 567 3146 unns
588 3085 704 3165 quidem
733 3093 814 3146 extot
838 3081 940 3159 iocus,
967 3103 1023 3164 qno
1046 3082 1150 3157 herum
1168 3080 1258 3154 Chriss

42 3174 201 3236 stinnorssr
225 3179 385 3238 conuentus
410 3173 457 3235 die
481 3171 554 3234 solis
576 3171 670 3233 holriti
695 3180 965 3234 commemorentur.
1002 3169 1043 3232 Et
1064 3170 1182 3247 Lucos,
1207 3167 1258 3252 qui

44 3261 148 3324 multus
166 3271 211 3324 ost
225 3261 255 3336 ip
275 3259 446 3324 enarrandis
463 3260 515 3336 eis,
532 3279 609 3340 quoe
624 3259 675 3320 iilo
691 3268 820 3338 tempore
837 3257 1050 3341 Hierosolymis
1074 3259 1112 3319 eli
1129 3259 1258 3338 Aposto-

40 3347 74 3408 lis
91 3360 179 3430 geste
194 3357 263 3412 suut
279 3359 308 3411 et
323 3348 391 3412 aliis
407 3350 543 3412 modste
560 3348 619 3426 ††)
646 3345 752 3428 quique
775 3345 863 3427 pluro
886 3344 988 3421 client,
1014 3365 1090 3426 quoe
1114 3343 1150 3406 oti
1167 3345 1257 3427 hujus

105 3537 133 3603 *)
151 3537 224 3590 Chr.
246 3553 312 3605 qnae
330 3537 356 3589 J.
374 3536 406 3588 ii.
425 3537 639 3588 iioehmerns
658 3534 689 3586 dc
708 3535 757 3584 huo
776 3547 805 3583 re
822 3531 965 3600 disputsvit
982 3529 1000 3582 l.
1013 3529 1031 3580 i.
1051 3529 1077 3580 in
1095 3527 1199 3580 dissert.
1219 3529 1258 3584 ds

42 3613 134 3661 ststc
155 3606 446 3663 Christisnorum
465 3606 517 3658 tiis
536 3603 563 3670 §.
582 3603 610 3659 4.
628 3605 655 3660 6.
675 3619 701 3670 p.
722 3603 739 3654 i
757 3617 793 3661 ss.

106 3672 147 3736 **)
168 3677 196 3726 in
216 3677 296 3742 priori
316 3676 348 3726 sd
360 3674 420 3726 Cor.
434 3691 458 3725 c.
475 3674 515 3730 ti.
532 3671 628 3724 Penius
647 3673 747 3738 quiden
767 3671 903 3738 praecipit,
923 3684 974 3736 qno
993 3669 1094 3720 ratione
1114 3665 1258 3720 instruendi

42 3745 88 3796 sint
107 3752 251 3796 conventos
271 3745 367 3811 publici
386 3745 475 3810 quisve
493 3743 519 3793 in
538 3743 590 3793 illis
609 3742 671 3792 ordo
696 3739 891 3803 observandus,
925 3745 953 3789 st
972 3738 1034 3790 nihii
1053 3737 1084 3786 ds
1104 3736 1179 3787 ststis
1198 3753 1259 3788 eon·

42 3821 160 3868 centonio
179 3813 272 3866 dicius
291 3829 338 3865 nso
356 3814 388 3865 ds
407 3819 531 3878 tempore,
547 3827 596 3876 qno
613 3826 642 3863 so
660 3811 693 3862 sd
712 3825 788 3864 suern
807 3809 953 3878 perigenis
973 3815 1130 3870 congreget-s
1148 3806 1260 3862 dehemus

42 3881 191 3946 Christiani,
202 3882 319 3948 subjicit.
348 3881 388 3932 lix
406 3881 496 3944 regnis
516 3880 611 3947 potins,
627 3891 702 3944 quum
720 3879 873 3930 servendum
891 3876 1020 3944 proponit,
1033 3875 1144 3939 intelligi
1163 3881 1257 3943 potest,

41 3951 214 4004 inviolabilem
232 3958 261 4002 et
278 3959 427 4019 perpetuom
447 3950 528 4012 legem
543 3949 575 4000 sir
595 3948 650 4013 ipso
671 3947 739 4000 hund
758 3947 847 4010 letum,
860 3947 905 3998 sed
924 3946 949 3996 id
968 3951 1079 4008 tentem,
1099 3945 1166 4011 qnod
1184 3957 1260 4011 prus·

41 4021 103 4072 reru
123 4036 213 4072 rernm
232 4008 373 4072 conditioni
392 4018 548 4070 conveniens
568 4017 709 4080 rideretur,
729 4016 873 4084 expositum
891 4024 958 4070 ests.
975 4021 1002 4067 t.
1025 4012 1085 4065 Cor.
1100 4013 1149 4078 ii,
1168 4014 1212 4066 tc.
1245 4017 1253 4026 '

106 4089 166 4149 *hir
185 4089 284 4141 institi.
304 4088 394 4138 hister.
416 4086 501 4138 scoies
531 4085 604 4150 msjj.
626 4085 654 4136 i.
675 4084 708 4136 11.
728 4101 752 4136 c.
769 4087 796 4136 d.
815 4101 841 4152 p.
860 4087 920 4136 372

106 4157 201 4223 †).Ci.
221 4155 427 4210 Matienius
453 4155 590 4207 derebus
610 4153 712 4206 Christ.
740 4161 800 4204 ente
819 4153 916 4216 Consi.
942 4149 979 4204 it.
1007 4169 1033 4220 p.
1057 4153 1115 4206 uc.
1138 4148 1171 4203 V.
1190 4148 1260 4220 inirp

41 4227 74 4293 (e.
92 4232 132 4282 3.)
154 4233 246 4280 totcm‘
258 4227 326 4277 hune
344 4226 428 4278 houm
449 4223 476 4276 in
492 4231 553 4276 noto
570 4223 602 4274 sd
621 4223 681 4274 het.
702 4226 745 4287 20,
760 4227 789 4278 7.
900 4227 902 4232 '
925 4285 929 4294 ¹
958 4227 960 4233 '
1010 4251 1013 4254 ·

103 4299 161 4366 ††t
182 4295 225 4348 ct.
244 4295 304 4346 hot.
326 4298 367 4356 ts,
391 4298 500 4358 tit-ut,
520 4293 570 4344 ubi
585 4291 698 4343 lacobus
723 4292 749 4342 in
765 4290 949 4360 Apostolorum
968 4295 995 4342 st
1012 4290 1142 4342 seniorum
1161 4286 1259 4355 synodo

42 4365 167 4428 iudicssss
185 4363 280 4428 icrtnr,
300 4363 392 4416 lidslss
404 4379 442 4415 nx
461 4362 605 4427 sonuiihns'
620 4375 669 4412 non
689 4361 809 4428 molestis
829 4353 998 4424 siflsisddos,
1023 4357 1067 4412 ted
1087 4355 1260 4408 sdmossstios

42 4441 136 4488 tuntum
157 4449 233 4500 essu,
252 4439 283 4484 ut
301 4433 449 4485 absumet
462 4435 489 4484 's
506 4431 702 4483 simuisosnrnm
728 4429 896 4484 incdiutihus
913 4437 966 4481 sts.
989 4424 1260 4492 simsiqm'rstionsm

43 4504 179 4572 eddidisss,
201 4517 250 4558 cur
265 4501 355 4558 iidsies
373 4517 407 4558 ss
423 4499 530 4556 inducis
555 4500 583 4554 in
602 4501 724 4566 honorem
740 4496 824 4553 diesis
841 4499 917 4568 plnrs
934 4498 1039 4564 exisses
1063 4497 1115 4544 uon
1132 4491 1261 4544 doissntz
1322 4513 1327 4520 -
1371 4565 1374 4572 Ι
1448 4565 1449 4576 ¹
