2968 4900
173 249 298 324 ἰιι
418 213 421 220 ’
535 219 603 280 ,·
688 246 987 314 ιιιιιιιιιιιι
1063 241 1082 254 ·’
1172 250 1176 258 ’

1479 337 1480 374 1

236 443 313 500 csse,
329 419 421 482 nilide
437 412 536 484 minus
553 425 657 499 tanen,
673 411 758 503 quasi
776 422 899 501 profan'o
916 421 967 482 illo
984 427 1064 483 more
1080 419 1184 486 irretiti
1198 428 1378 498 tenerentur,
1395 440 1460 482 na·
1479 403 1480 420 ¹

212 577 214 582 ,
236 509 324 573 talem
341 505 442 570 invicti
460 508 511 570 diu
526 507 612 571 etium
630 511 736 571 lostam
753 529 789 570 ao
813 509 957 571 ludicrum
974 507 1150 578 babuerunt.
1182 507 1296 570 mnae
1312 529 1459 590 praeser-

235 599 297 676 tim,
312 595 364 658 ubi
381 594 503 675 gentilis
518 595 687 676 superstitio
705 595 821 658 radices
838 609 895 658 tam
912 596 988 658 altas
1005 607 1123 674 egerat,
1145 608 1177 656 ut
1193 595 1237 658 rel
1251 595 1292 680 iis
1307 597 1458 676 tempori-

235 687 309 764 bus,
335 683 443 764 quihus
469 682 579 763 pridem
605 683 764 763 exstirpata
788 686 977 760 credebatur,
1012 683 1181 745 intentidem
1205 681 1402 764 repullularet
1411 681 1456 762 *).

180 780 182 784 ’
234 769 1455 852 Bimidiosempcbr.n.lll.legimns,natalembunciaoiotiltomaeabiisquoque

237 859 413 922 celebratum
424 875 499 936 esse,
516 856 565 936 qni
579 856 737 918 Christiani
745 859 787 919 vel
795 879 857 920 oere
871 869 951 920 eruat
967 861 1009 920 ccl
1023 879 1082 919 cece
1097 857 1318 939 diochontor**).
1338 859 1454 935 Quare,

234 965 321 1028 quum
338 944 404 1025 ejus
420 943 478 1004 diei
494 941 677 1022 religionem,
697 945 764 1024 ipsa
781 953 924 1006 vetustate
938 944 1024 1025 quasi
1044 945 1202 1024 robustam,
1219 966 1258 1006 ex
1273 944 1454 1008 animisho-

233 1033 343 1094 minum
360 1028 447 1092 euelli
465 1049 522 1090 non
540 1051 628 1110 posse
642 1031 810 1112 judicarent
832 1032 914 1093 urhis
931 1031 1043 1094 Romae
1068 1031 1217 1113 episcopi,
1242 1032 1452 1094 nenessitatem

233 1119 265 1180 in
282 1118 422 1181 rationem
433 1123 595 1194 'vertentem
615 1117 789 1180 natalem
808 1118 890 1180 invi
900 1117 964 1193 eti,
980 1119 1099 1180 retentis
1123 1119 1238 1199 exejus
1256 1129 1284 1180 et
1300 1119 1454 1182 Saturna-

233 1203 508 1268 linm'oelebritate
533 1203 665 1283 plurimis
690 1205 806 1280 ritibus
836 1205 868 1265 in
884 1205 1057 1266 natalem
1098 1204 1253 1268 Christi
1284 1217 1453 1268 commuta·
1479 1267 1480 1270 ,

234 1292 447 1373 ιιιιι1***),ιιιιι
457 1293 533 1372 quod
544 1291 660 1353 Christo
678 1290 774 1372 ipsum
790 1291 840 1353 illo
854 1294 972 1355 brumae
987 1303 1116 1374 ternpore
1127 1303 1226 1354 natum
1241 1296 1396 1356 crederent
1404 1295 1452 1372 †),

235 1383 287 1442 sed
311 1389 367 1460 ut,
385 1379 410 1439 si
437 1379 537 1440 eodem
561 1388 689 1460 tempore
715 1377 823 1442 natalis
843 1379 907 1462 ejus
925 1389 1123 1462 perageretur,
1139 1379 1259 1444 facilius
1276 1381 1385 1444 natalis
1400 1381 1453 1443 ille

233 1467 335 1532 inuicti
349 1465 593 1550 aboleretur,††).
1061 1501 1064 1506 ¹

304 1704 332 1771 *)
354 1702 479 1770 Exemplo
499 1719 556 1755 esse
574 1711 682 1772 possunt
695 1711 825 1756 certarnen
839 1705 986 1772 Symmachi
1007 1714 1034 1756 ct
1051 1705 1179 1758 Ambrosii
1200 1706 1231 1757 dc
1250 1721 1297 1758 ara
1317 1705 1452 1759 Victoriae

235 1773 261 1826 it
290 1774 364 1824 ouria
382 1773 572 1836 constituenda,
592 1780 619 1824 et
637 1774 704 1838 quod
723 1789 756 1824 ex
775 1773 915 1824 Gelasio
934 1775 1112 1829 liarooius
1129 1776 1158 1824 ric
1175 1775 1264 1829 canui.
1282 1777 1357 1826 Eccl.
1371 1777 1403 1826 od
1424 1793 1450 1828 n.

232 1841 295 1896 aab.
315 1842 419 1905 scotist,
440 1840 535 1892 Romae
553 1841 600 1892 sub
622 1841 770 1892 inemec.
793 1859 818 1908 p.
838 1842 900 1893 Chr.
918 1841 950 1892 V.
964 1844 1060 1916 dimisse
1082 1843 1253 1905 Christianos,
1274 1843 1334 1893 ideo
1351 1845 1452 1894 morbos

232 1911 332 1975 gipsi,
356 1911 418 1978 quio
445 1911 492 1959 dec
519 1911 664 1960 Februario
686 1927 741 1959 non.
760 1912 863 1965 labetur.
898 1909 977 1961 Plura
1006 1912 1108 1976 odient,
1127 1911 1185 1962 dam
1211 1911 1452 1964 Wnrburtoni

233 1976 390 2030 sententiam
410 1985 558 2044 oppugnat,
589 1977 801 2056 llumberqer
824 1980 852 2028 ait
872 1987 988 2034 caunac.
1013 1982 1067 2034 ria*
1079 1982 1175 2040 gemti.
1195 1981 1223 2028 iu
1247 1997 1328 2031 socco
1354 1983 1451 2033 Christ.

232 2049 355 2096 manrici.
375 2061 434 2112 pag.
450 2050 527 2100 7-8.
549 2046 656 2112 Quando
675 2047 707 2097 ad
728 2047 883 2098 Zachariam
903 2064 928 2114 p.
943 2063 965 2100 r.
980 2049 1072 2098 scribit
1089 2047 1304 2113 Rouilaeius‚
1325 2051 1451 2116 quostiam

141 2110 145 2114 ’
233 2115 259 2164 in
280 2114 419 2165 Germania
438 2115 585 2181 inorepatos
601 2130 614 2164 u
631 2130 658 2165 se
672 2115 704 2165 oh
723 2115 840 2166 ethnicas
856 2117 1065 2180 consuetudines,
1085 2117 1197 2168 dixisse:
1217 2122 1316 2167 Romae
1334 2121 1453 2182 exemplo

233 2199 263 2232 ee
280 2184 366 2232 viuere
382 2183 469 2250 ibique
487 2183 583 2244 uidisse
600 2185 628 2231 r'n
645 2192 726 2246 treme,
747 2185 850 2250 wando
869 2185 922 2232 tol.
940 2186 1088 2254 januariae
1104 2186 1220 2250 intrant,
1245 2187 1452 2254 satagentibus

232 2249 392 2312 madefieri,
410 2252 507 2313 odoror,
525 2253 723 2300 acclamationes
735 2261 781 2304 erc.
792 2253 892 2318 quaudo
905 2253 972 2303 idern
990 2261 1074 2316 rogat,
1093 2255 1202 2303 uthaeo
1220 2255 1245 2304 io
1260 2253 1451 2306 Romuuaurbe

235 2319 429 2386 prohibeantur,
449 2320 580 2385 proiectus
599 2320 726 2382 evangelii
749 2321 917 2386 impeditura:
936 2319 1129 2372 Zaoharias
1150 2323 1315 2388 respondens,
1334 2339 1384 2374 uon
1406 2340 1453 2374 ne·

235 2393 288 2450 got,
305 2389 443 2452 paguariae
461 2389 620 2452 cicogni-ia
638 2389 841 2454 ioe1.7‘aasnriis
859 2391 957 2452 gemnae·
980 2407 1051 2438 more
1072 2391 1206 2440 observari
1229 2393 1302 2456 opaci
1324 2397 1450 2453 Petram

233 2456 297 2506 illud
316 2462 416 2506 tentum
437 2456 565 2520 adhrrnat,
584 2471 622 2520 ss,
645 2472 678 2506 ιιι
697 2471 746 2522 quo
768 2457 883 2522 pontifex
901 2457 986 2510 laetus
1005 2465 1083 2521 essct,
1102 2460 1166 2509 haee
1188 2460 1276 2510 omnia
1289 2470 1451 2526 amputasse,

233 2523 307 2590 Apud
327 2523 397 2576 Nic.
427 2525 605 2574 Serarinm
632 2530 693 2576 iter.
720 2529 844 2588 Mogrmr.
874 2527 919 2576 lib.
948 2530 974 2579 3.
995 2544 1019 2593 p.
1042 2527 1103 2580 382.
1141 2526 1168 2577 ld
1194 2526 1329 2592 sillomae
1348 2529 1452 2578 iaotnm

188 2633 191 2640 .
233 2599 275 2642 cst
293 2607 346 2642 soc.
367 2607 393 2657 p.
414 2591 475 2642 Chr.
496 2592 578 2656 Vlll.,
596 2609 645 2658 quo
665 2599 780 2658 tempore
799 2593 906 2644 foranum
924 2595 1057 2646 doetrinae
1085 2603 1113 2663 et
1136 2595 1239 2662 pictatis
1258 2595 1337 2646 liomn
1355 2603 1450 2662 petere

227 2666 432 2721 consueverunt,
452 2661 495 2725 qni
514 2675 656 2726 praecones
675 2661 803 2724 evangelii
821 2663 891 2712 inter
908 2670 998 2725 gentos
1016 2663 1144 2727 agebant3
1171 2679 1244 2730 quem
1258 2679 1308 2714 nou
1327 2666 1453 2728 gentilis-

140 2775 141 2782 ,
233 2739 300 2846 ἕιιιιι
329 2727 453 2777 credibile
478 2735 519 2777 est
541 2728 577 2778 ihi
602 2743 745 2792 regnasse,
766 2730 876 2780 nondum
895 2731 969 2794 longo
996 2747 1044 2782 usn
1071 2733 1144 2798 quasi
1162 2732 1283 2783 roborata
1301 2733 1452 2784 christiana

251 2795 374 2848 concinat
1228 2837 1233 2848 .

304 2858 348 2928 **)
370 2861 397 2913 lu
417 2861 607 2914 Constitutione
624 2861 808 2915 Theodosii
827 2865 860 2916 ll.
879 2867 944 2918 hano
962 2868 1054 2919 divisio
1075 2871 1207 2934 oceorrit,
1228 2885 1277 2920 nou
1296 2869 1386 2920 iallaei
1410 2887 1452 2921 nr-

228 2937 367 2996 -gumeato,
384 2946 437 2982 seo.
458 2929 490 2981 V.
507 2930 601 2981 Romus
621 2947 669 2981 non
688 2949 775 2984 omnes
796 2934 876 2986 luisse
896 2935 1067 3002 Christianos,
1088 2938 1324 3004 aliquos'religiono
1342 2939 1449 2990 abusos.
1479 2967 1480 3016 p

236 3001 298 3053 Cod.
318 3001 442 3050 Theodec.
462 3000 508 3050 lih.
528 2998 599 3049 XVl.
619 3001 660 3050 tit.
680 3000 715 3051 X.
737 3002 755 3051 l.
775 3001 819 3054 at.
840 3027 846 3045 ι
1309 3022 1323 3046 .·
1479 3017 1480 3054 l

303 3066 369 3134 ***)
388 3067 488 3118 Primos
510 3069 541 3118 ah
561 3069 671 3119 ethuiois
690 3070 830 3136 proiectam
850 3072 874 3123 d.
896 3072 925 3122 C.
946 3074 1041 3124 natalis
1067 3073 1245 3126 celebritatem
1264 3075 1358 3125 statuit
1375 3075 1448 3125 Joh.
1479 3071 1480 3122 l

233 3135 433 3189 llnrduinus
452 3137 477 3185 in
496 3137 675 3186 Amimictr‘co
695 3155 721 3204 p.
740 3141 784 3192 65.
805 3146 832 3190 et
850 3141 998 3192 traditionis
1017 3143 1042 3192 in
1069 3157 1174 3194 romanu
1198 3143 1311 3194 eeclesia
1335 3143 1452 3194 auotori-

231 3211 311 3254 tatem
331 3203 379 3252 hac
395 3204 499 3254 *ratione
516 3205 657 3268 infringere
674 3214 783 3258 conatus
801 3216 858 3273 est,
878 3225 927 3260 non
946 3211 1079 3275 cogitans,
1109 3211 1353 3280 Hieronymum
1383 3212 1451 3263 Ve-

233 3271 363 3322 ehietti
392 3271 423 3320 ob
460 3273 626 3339 apostolieum
665 3275 788 3332 festorum
820 3285 929 3345 excepto
966 3280 1089 3344 paschate
1116 3280 1241 3343 originem
1273 3281 1302 3334 ia
1325 3281 1395 3332 lihro
1420 3282 1453 3328 de

231 3357 301 3392 noer.
316 3347 423 3404 tempor.
442 3343 544 3390 renone
562 3341 639 3407 (Aug.
659 3342 762 3395 Vindol.
786 3346 859 3398 1621.
878 3351 906 3395 ia
924 3346 987 3414 foi.)
1007 3354 1141 3411 negatum,
1171 3356 1288 3415 martyra
1312 3349 1451 3400 chronolo-

120 3441 123 3445 -
229 3409 316 3472 ςίιιιιιι
335 3407 431 3460 laetum
451 3409 477 3460 in
495 3425 601 3462 caruere
617 3412 697 3464 vitum
718 3413 825 3465 finiisse.
863 3415 995 3466 Ornarunt
1012 3416 1132 3482 deinceps
1158 3417 1224 3467 hano
1250 3418 1409 3469 senteutiam
1425 3416 1449 3467 ·l.
1479 3463 1480 3470 ,

232 3477 264 3530 C.
284 3476 466 3531 Crastinus
485 3479 517 3528 od
535 3485 672 3532 ιιιιιιιιι.
693 3483 724 3534 de
749 3497 828 3550 ιιι).
848 3499 873 3548 p.
895 3485 953 3540 185.
974 3483 1001 3537 P.
1021 3483 1041 3534 1.
1063 3483 1115 3535 Co.
1138 3483 1212 3536 Chr.
1234 3485 1451 3551 llumherger
1479 3479 1480 3524 Ῐ

145 3553 155 3568 ·
232 3547 295 3598 diss.
317 3547 363 3598 eit.
387 3548 529 3609 Gottingae
549 3549 624 3602 1751.
650 3551 712 3601 hah.
739 3550 759 3601 l.
776 3551 805 3601 C.
827 3549 979 3602 Machor.
1000 3555 1204 3616 Progndcrcc
1225 3555 1301 3606 1753.
1324 3554 1369 3609 erl.
1392 3555 1451 3606 Αιιι·
1479 3559 1480 3600 l

231 3615 301 3682 plexi
337 3623 397 3666 suut
427 3616 535 3666 eandum
572 3619 726 3670 sententiam
766 3619 848 3670 Satn.
884 3621 1176 3684 Basaage=Auscol:·
1214 3624 1274 3674 cccl.
1307 3621 1339 3672 Τ.
1376 3623 1398 3674 l.
1424 3639 1449 3690 p.

232 3683 329 3749 Casp.
349 3683 566 3735 Calvoerius
586 3687 688 3741 Riteai.
707 3689 779 3738 [dccl.
801 3687 830 3736 P.
851 3686 884 3737 il.
905 3702 930 3753 p.
951 3690 1009 3742 165.
1027 3705 1074 3740 neo
1087 3690 1201 3740 obscure.
1216 3691 1354 3742 adsensum
1376 3707 1451 3759 prse-
1479 3677 1480 3704 ¹

231 3751 276 3802 bet
294 3752 500 3816 llaumgnrte
512 3752 590 3802 nius
608 3758 704 3818 Progr.
721 3755 753 3803 de
770 3771 854 3804 mcrcse
874 3756 959 3804 ridie
974 3758 1034 3805 nati
1049 3763 1072 3810 I.
1093 3761 1119 3810 C.
1139 3757 1233 3822 (italae
1255 3757 1346 3824 1740.)
1367 3777 1394 3828 p.
1412 3757 1449 3811 14.

299 3819 332 3882 †)
351 3819 560 3884 Veohiotus,
584 3821 614 3880 (Ι.
636 3822 652 3870 Ι.
671 3825 698 3886 5,
720 3824 777 3882 18.)
795 3823 930 3890 profitetur
948 3823 979 3874 du
999 3826 1144 3877 nativitatis
1162 3825 1198 3889 J.
1211 3826 1240 3878 C.
1261 3827 1302 3878 dio
1322 3831 1370 3882 25.
1392 3829 1448 3878 deo.
1479 3845 1480 3864 ι

201 3929 206 3932 .
231 3887 410 3941 institutione:
433 3890 539 3939 Omnino
558 3889 702 3954 discordum,
724 3893 808 3958 ipsum
825 3907 877 3940 noo
892 3892 967 3941 nodis
983 3909 1143 3958 proponere,
1163 3903 1194 3943 ut
1212 3895 1348 3946 credemus
1379 3896 1451 3946 ctri-

231 3965 298 4008 statn
317 3958 453 4006 Dominum
468 3975 527 4008 vere
545 3958 573 4006 r'rr
590 3958 635 4006 illo
652 3967 764 4024 tempore
782 3968 873 4008 crotone
892 3953 1021 4026 cromacii
1037 3971 1066 4010 at
1081 3963 1258 4027 temporcr'llo
1278 3965 1337 4031 cjccs
1353 3963 1450 4029 festum
1479 4005 1480 4062 1

250 4037 295 4074 cro
318 4040 399 4076 omae.

227 4041 248 4090 Ρ
295 4039 357 4159 {w
376 4091 505 4144 Fecerunt
517 4095 567 4145 boc
582 4093 680 4144 romani
698 4094 841 4158 pondisse,
862 4097 890 4147 io
908 4097 1024 4164 pluribus
1042 4097 1126 4163 iustis,
1147 4105 1225 4150 ntea
1244 4113 1276 4150 ex
1289 4101 1406 4166 paganis
1424 4100 1448 4149 in
1479 4063 1480 4138 l

233 4160 376 4212 christiana
394 4169 584 4226 converterunt,
605 4177 654 4212 non
673 4162 763 4228 paucis
782 4164 874 4216 ritibus
894 4167 1013 4218 retentis.
1049 4165 1105 4232 Quo
1131 4167 1239 4218 oonsilio
1258 4167 1382 4219 videntur
1405 4183 1449 4217 vo·
1479 4157 1480 4214 l

231 4229 312 4280 luisse
339 4228 441 4280 obviam
472 4229 509 4280 irc
536 4231 664 4296 pertinaoi
687 4232 855 4298 paganismo,
879 4251 953 4301 quem
971 4235 1010 4285 rei
1029 4235 1054 4284 in
1073 4239 1154 4286 totum
1172 4236 1284 4286 sublatio
1300 4235 1446 4288 irritasset.
1479 4259 1480 4306 ἦ

232 4296 273 4348 ltu
294 4297 326 4347 sd
346 4296 469 4362 profano,
496 4313 562 4362 quae
580 4298 633 4348 hal.
654 4299 740 4348 sextil.
761 4299 873 4366 fiebunt,
892 4303 1046 4366 Augustalis
1067 4303 1181 4366 tollenda
1206 4303 1251 4354 vel
1269 4305 1368 4356 rectius
1388 4319 1448 4354 oon-

232 4363 357 4416 seornndn
379 4364 524 4415 ordinatum
544 4365 594 4417 init
614 4365 756 4432 adelerio
775 4367 796 4419 1.
813 4385 841 4434 pt
860 4386 883 4420 r.
902 4371 996 4422 meum
1018 4369 1090 4421 Petri
1116 4372 1148 4420 ad
1171 4371 1292 4436 viooula,
1317 4373 1448 4424 anthabet

230 4431 326 4487 llioh.
355 4432 433 4498 aaa.
457 4430 678 4500 hlonsacroti
705 4435 773 4488 diss.
793 4437 827 4487 dc
850 4440 949 4490 rotenis
973 4439 1048 4490 tetri
1065 4437 1174 4514 (domae
1193 4440 1270 4498 1750.
1290 4439 1332 4508 4.)
1353 4457 1382 4510 p.
1402 4441 1446 4495 32.
