2982 4892
287 283 324 345 de
337 279 469 362 publicis
485 272 620 349 reterns
632 279 867 349 Obriuiamrnnr
884 285 1034 369 precibus.
1139 289 1142 302 '
1208 278 1272 355 dli

73 457 202 536 quosdam
218 456 354 518 docteres
372 456 621 536 Christianorum,
647 459 756 542 quibus
774 459 963 541 precantibus
980 469 1008 522 et
1022 459 1136 543 Jejnnia
1152 459 1272 542 agenti-

71 544 120 604 bus
136 543 260 624 Spiritus
278 544 424 623 Sanctus,
456 547 621 609 barnabam
643 555 671 608 et
687 547 811 610 Paulum
831 551 867 610 ad
886 549 1020 611 obeunda
1037 549 1157 629 negotia
1173 571 1190 611 a
1205 551 1271 613 Dan

69 630 135 711 ipsis
150 633 235 708 data,
262 632 415 713 eligendos
440 653 526 710 esse,
551 633 772 712 significaverit.
816 635 884 713 Quo
908 636 987 698 lactc
1003 636 1150 698 ecclesiae
1167 638 1272 700 dubo-

70 719 168 780 cbsnae
184 719 328 783 antistites
344 719 429 783 hisee
445 721 604 783 duumviris
621 743 726 784 manns
745 723 966 805 imposuerunt,
998 734 1031 785 nt
1053 743 1103 785 eos
1120 725 1157 785 ad
1173 745 1271 806 nego-

68 803 129 866 turn
143 807 359 888 suscipiendum
375 809 459 892 qnasi
475 809 688 890 inaugurarent
702 811 799 894 iisqne
819 803 936 875 ielieem
948 811 1082 874 laborum
1096 829 1271 878 successura

67 904 253 974 precarentur.

143 982 277 1048 Getarum
291 981 346 1046 llla
363 1001 478 1046 manunt
495 983 658 1065 impositio,
692 1005 749 1066 qua
769 985 902 1067 Apostoli
920 985 1048 1068 Spiritus
1068 985 1169 1049 Sancti
1193 987 1272 1052 dena

67 1070 326 1148 communicabant,
352 1053 420 1131 'ieri
447 1070 560 1134 solebat
591 1073 621 1133 in
647 1073 741 1135 sacris
765 1073 999 1136 Cirristiauornm
1024 1075 1217 1136 conventibus
1242 1077 1272 1138 et

67 1175 124 1217 cunr
138 1159 274 1307 ppeeibus
291 1157 475 1221 sollennitate
493 1169 555 1223 erat
572 1161 746 1244 conjuncta3
763 1160 822 1225 rid.
839 1163 903 1226 not.
919 1159 951 1240 (i,
969 1163 1005 1242 ὓς
1021 1160 1053 1240 8,
1073 1162 1123 1243 15,
1143 1165 1199 1244 ¹⁷3
1217 1159 1270 1244 li,

65 1244 270 1324 2831,ii.*)
444 1257 446 1262 ’
539 1273 543 1280 ’
644 1293 649 1306 .
1000 1288 1003 1297 ·
1086 1249 1089 1256 ¹

141 1333 275 1416 Denique
292 1342 393 1395 coetus
408 1332 645 1396 Christianorum
661 1334 950 1414 Hierosolymitanus
967 1334 1032 1398 Aet.
1044 1332 1096 1414 12,
1112 1337 1142 1412 b,
1161 1335 1272 1416 legitur

66 1419 191 1497 precibus
217 1419 434 1483 ardentissimis
457 1423 535 1503 apud
551 1423 645 1485 ileum
671 1423 879 1486 intercessisse
902 1443 954 1507 pro
970 1423 1075 1500 Petro,
1102 1423 1153 1505 qui
1184 1424 1270 1490 lestis

64 1507 199 1584 paschatis
212 1511 327 1586 diebus,
344 1509 471 1571 llerndis
481 1510 726 1592 Agrippaejussn
742 1512 772 1572 in
787 1531 933 1577 carcerem
952 1513 1103 1593 conjectus
1116 1522 1144 1574 et
1155 1511 1271 1574 eatenis

64 1593 211 1676 adligatus,
227 1597 260 1658 ia
272 1616 385 1658 summe
397 1597 499 1659 ntertis
515 1607 582 1679 post
596 1598 702 1660 lestnnr
714 1602 887 1662 subeundae
899 1598 1029 1682 periculo
1042 1600 1270 1680 versabatur.**)

140 1683 254 1748 Docent
277 1683 370 1764 igitur
392 1683 542 1766 exempla,
574 1705 650 1766 quae
666 1687 765 1748 Lucas
788 1688 819 1748 in
844 1685 1057 1749 commentariis
1073 1689 1215 1750 derebus
1231 1689 1269 1750 ab

23 1777 24 1856 l
64 1769 202 1850 Apostoiis
219 1771 315 1852 gestis
331 1773 509 1848 memorarit,
526 1791 644 1854 preeunt
661 1773 786 1849 illarum,
803 1794 876 1855 quas
893 1777 923 1834 in
941 1772 1069 1854 publicis
1082 1773 1270 1836 Christiano-

65 1878 122 1919 ιιι
140 1857 333 1922 conventibus
349 1859 509 1922 recitarunt
524 1857 657 1941 Apostoli
676 1871 703 1922 et
718 1860 823 1942 reliqui
843 1859 985 1924 ecclesiae
1002 1863 1153 1938 doctores,
1177 1881 1270 1940 argu·

64 1957 181 2010 mentum
195 1967 251 2029 pro
276 1944 393 2010 diverso
423 1967 527 2025 rerum
544 1955 623 2010 statu
641 1947 789 2012 diversum
805 1947 916 2025 icisse,
945 1949 988 2010 ita
1001 1957 1034 2009 ut
1048 1946 1119 2010 illae·
1134 1943 1182 2012 tei
1199 1948 1269 2010 lau-

64 2035 125 2095 dum
158 2035 323 2098 divinarunt
353 2033 636 2100 concelebrationem
667 2036 714 2098 vel
747 2037 908 2116 gratiamur
934 2035 1065 2098 actiones
1090 2033 1137 2100 tel
1163 2033 1270 2100 anxilii

63 2121 144 2184 divini
159 2125 194 2185 ad
212 2121 335 2204 quaeris
353 2127 430 2186 bena
445 2126 616 2205 peragenda
633 2123 799 2204 petitionem
816 2123 1085 2206 complecterentur.

140 2211 298 2292 Apostolos
316 2222 468 2292 praetcrea
485 2211 573 2274 certis
591 2212 764 2292 quibusdam
784 2233 902 2294 precum
925 2213 1107 2293 publicarum
1133 2209 1269 2275 formulis

61 2313 124 2358 usos
136 2297 239 2375 leuse,
256 2297 326 2360 mibi
338 2299 453 2382 quidem
466 2299 546 2360 baud
557 2299 708 2380 probabile
720 2299 843 2361 ridetur.
870 2299 950 2363 Viris
967 2300 1042 2360 enirn
1059 2296 1130 2376 iilis,
1147 2300 1196 2380 qni
1214 2320 1269 2362 ex·
1361 2305 1364 2310 '

61 2385 254 2449 traordinariis
280 2386 410 2466 Spiritus
433 2387 466 2451 S.
491 2387 606 2448 dotibus
628 2386 764 2448 instructi
789 2396 817 2448 et
841 2407 937 2448 rerum
968 2387 1131 2449 divinarum
1164 2400 1268 2466 sensu,

61 2474 143 2536 rerba
159 2475 312 2556 aptissima
327 2475 548 2555 suppeditante,
566 2473 726 2554 plenissimi
745 2483 845 2550 erant,
870 2474 1036 2554 quibusque
1055 2471 1219 2552 singularis
1235 2475 1269 2536 in

60 2565 199 2640 precando
231 2559 389 2645 παῤῥησία
416 2561 570 2639 tribuitur,
605 2574 663 2622 nnn
689 2581 764 2642 opus
789 2559 845 2623 luit
870 2561 955 2623 statis
977 2561 1122 2644 ejusmodi
1147 2581 1268 2642 precum

60 2647 197 2712 termulis.
789 2689 793 2694 -

140 2737 299 2800 Praeterea
322 2743 350 2798 et
366 2737 397 2798 lu
418 2736 500 2798 Actis
518 2735 723 2818 Apostolorum
741 2736 866 2814 nullutn,
883 2735 928 2799 rei
946 2736 1087 2798 orationis
1104 2737 1268 2802 dominicae

59 2823 176 2888 relalius
210 2822 363 2908 enjusdam
392 2841 511 2906 precum
542 2824 686 2886 formulae
717 2824 746 2884 in
776 2823 871 2885 sacris
895 2825 1087 2888 conventibus
1109 2825 1268 2905 adhibitae,

60 2913 197 2993 reperitur
215 2911 391 2992 exemplum.

140 2998 217 3084 §.la
262 2999 365 3078 Quid
383 3000 722 3081 exspostolorntn
740 2997 927 3080 epistolis
951 3001 994 3060 de
1018 2999 1268 3080 publicarum

61 3088 332 3169 prceumapud
350 3087 789 3150 veteresClrristianos
814 3097 1049 3166 argumento
1074 3086 1267 3168 cognosci

60 3177 161 3253 possi
172 3186 199 3253 t,
218 3174 502 3256 inquiritur.--
517 3175 676 3257 Reliquum
689 3183 742 3252 est,
759 3173 993 3256 utinqniramus,
1011 3175 1081 3256 quid
1094 3176 1267 3256 exapeste-

60 3260 147 3324 lorum
164 3258 298 3345 epistolis
316 3262 454 3344 cognosci
476 3265 571 3343 possit
588 3265 622 3324 de
640 3273 802 3342 urpumcato
825 3281 960 3342 precum,
978 3281 1054 3343 quas
1077 3263 1124 3326 vel
1147 3263 1204 3344 ipsi
1220 3262 1268 3326 vei

59 3347 108 3410 alii
123 3367 223 3412 serum
250 3357 346 3411 aetate
372 3352 507 3412 dectores
542 3351 572 3411 in
588 3349 682 3412 sacris
699 3349 931 3411 Christianorum
949 3351 1142 3413 consentibus
1158 3350 1270 3424 recita-¹

59 3443 133 3501 runt.
178 3435 315 3501 Oiioinm
349 3455 468 3518 precum
496 3457 582 3519 quam
610 3436 836 3516 diligentissime
869 3437 1083 3500 observandum
1108 3447 1136 3498 et
1158 3449 1267 3505 rectane

59 3524 149 3586 benun
164 3524 307 3588 adorandi
323 3525 464 3586 rationem
477 3524 653 3606 saepissime
669 3524 699 3584 in
719 3522 850 3602 epistolis
877 3523 941 3584 suis
967 3526 1170 3586 commendant
1185 3526 1267 3606 ripo-

60 3613 136 3676 stoli.
178 3611 470 3694 Pleromqne'tataen
487 3623 607 3694 preces,
641 3611 747 3692 quibus
772 3609 896 3692 quisque
913 3611 999 3673 bomo
1016 3609 1195 3674 christianos
1216 3610 1268 3692 pia

57 3699 141 3762 animi
159 3701 206 3762 sui
224 3699 370 3763 desideria
386 3717 484 3763 coram
500 3703 563 3764 Deo
583 3699 718 3782 privatim
734 3707 877 3778 exponat,
895 3701 991 3780 magis
1007 3707 1075 3762 sunt
1091 3695 1266 3778 intelligen-

56 3788 116 3862 dae,
140 3809 226 3872 quana
245 3788 446 3870 precationes,
468 3799 543 3871 quae
560 3789 677 3872 publice
694 3796 722 3849 et
738 3785 864 3848 solleoni
881 3786 938 3849 ritu
953 3787 1032 3849 fiant.
1077 3783 1153 3848 Sunt
1170 3795 1273 3858 tannen,

50 3895 282 3916 *nn-uutht-

122 3940 353 4011 *)Vid.l·‘rider.
372 3941 521 4008 Spunbemii
540 3940 828 3998 calceamentorum
848 3943 1027 4011 antiquitatem
1048 3949 1073 3992 ct
1094 3942 1131 3992 H.
1151 3941 1189 3994 E.
1205 3957 1268 4008 pea-

58 4011 103 4062 ta’rr.
124 4012 155 4064 1..
174 4011 233 4064 Vll.
254 4015 312 4080 opp.
332 4007 363 4062 T.
386 4010 419 4062 ll.
439 4027 466 4080 p.
484 4011 545 4075 979,
566 4012 626 4066 899.
646 4037 679 4048 -·
705 4008 834 4064 Naesselti
853 4012 996 4078 disputatio
1015 4011 1105 4078 deSp.
1127 4012 1155 4062 S.
1174 4012 1268 4078 morab

60 4079 211 4132 Christianis
237 4082 270 4130 ab
288 4081 425 4146 Apostolis
449 4079 561 4142 tradite,
596 4080 625 4128 t'a
641 4081 769 4132 Exereitt.
794 4077 832 4128 ael
856 4085 882 4132 S.
901 4084 942 4131 Se.
968 4081 1103 4150 interpret.
1129 4093 1155 4146 p.
1176 4082 1210 4134 72
1227 4093 1265 4132 ts·
1383 4125 1384 4129 ,

59 4145 196 4214 Eicbbcru,
222 4150 303 4200 Ueber
321 4149 370 4199 dus
389 4149 539 4212 Eiasegserr
556 4147 603 4196 der
619 4149 740 4213 Apostel,
760 4149 786 4198 iu
804 4147 883 4214 Aeg.
902 4147 1027 4200 situata.
1046 4147 1093 4198 der
1110 4147 1171 4202 bril.
1189 4149 1267 4200 Lite·-

57 4217 222 4346 wmiilviie
241 4216 337 4352 iiiioel:
356 4219 543 4354 guaitioit'ct.
562 4285 652 4352 Apost.
677 4286 799 4348 leguntur
825 4299 929 4352 pascunt
955 4285 1116 4354 publicarum
1141 4285 1265 4353 exemplis

59 4353 125 4408 cent.
148 4354 228 4409 ltebau
247 4356 288 4408 l.l.
317 4372 344 4424 p.
363 4358 398 4410 or
416 4370 452 4406 ss.
480 4379 512 4393 -
540 4351 611 4408 Petri
632 4353 750 4407 llanssen
783 4353 1045 4409 elementarem
1072 4357 1101 4406 in
1126 4356 1176 4406 itta
1198 4359 1263 4406 Aet.

59 4426 154 4487 Apnsr.
177 4426 250 4486 loru,
282 4438 349 4493 quae
372 4423 406 4474 tle·
428 4425 571 4489 presterum
592 4424 796 4475 arduicum
822 4420 986 4504 rumetrudae
1004 4433 1028 4475 et
1045 4422 1225 4490 magestatem
1240 4435 1264 4476 s.
1303 4439 1307 4458 ι

59 4501 153 4561 agan,
176 4491 306 4562 (neoniae
327 4493 406 4559 179⁴)
421 4491 514 4546 addere
531 4491 594 4544 mibi
613 4504 663 4544 nos
680 4492 765 4544 licuit.

1455 4015 1458 4066 t

1454 4109 1457 4206 t
