2944 4904
78 419 146 491 tatas,
170 408 289 492 uttam
303 408 440 492 :dimica
458 410 620 488 docebant,
644 412 760 482 emron
778 409 866 498 plane
883 413 1029 496 deponere
1047 420 1076 483 et
1092 421 1194 477 contra
1210 433 1262 482 eas

75 496 192 576 religioni,
217 497 354 572 omnibns
371 499 498 568 externis
520 497 625 562 ritibus
650 497 816 576 destitutae,
848 520 885 564 err
907 497 1003 564 auirrro
1030 499 1142 564 sarcre.
1183 500 1261 585 Qui-

74 584 112 644 bus
126 584 283 658 rationibus
306 585 385 652 band
410 585 524 650 lenibus
544 593 622 650 mota
650 597 733 668 retus
753 585 983 654 Christianorum
1008 583 1135 650 eeclesia
1157 589 1261 650 dec‘er-

74 673 319 746 uolnerabantur]
342 673 491 754 judaicum
517 671 604 737 simul
630 693 695 734 curn
722 671 767 736 die
784 673 937 748 dominico,
963 675 998 735 de
1016 695 1072 753 quo
1090 671 1262 760 paulopost

178 237 213 300 de
232 233 372 300 celebrat.
390 187 507 300 sabbati
525 242 555 301 at
568 233 628 316 «liei
645 237 722 313 deur.
738 253 787 318 ap.
802 241 873 302 vett.
893 243 922 302 et
943 239 1133 304 recentiores.
1219 241 1267 328 ⁹⁹,
1329 249 1339 271 ‘

72 758 134 836 plura
154 761 297 836 dicemus,
321 762 406 826 modo
432 757 546 828 solenni
572 759 709 844 cultuque
734 759 876 843 religioso
903 759 1061 836 celebrare,
1087 771 1118 822 ut
1145 771 1261 826 teneras
1329 800 1331 810 ·

73 846 243 923 eonscientiae
261 847 448 918 sublevarent
474 859 502 912 et
523 847 643 914 ludaeis
666 847 714 911 ria
742 867 776 909 eo
801 847 920 910 facilins
938 847 1094 930 patefieret,
1118 850 1156 908 ad
1173 847 1262 915 Obri-

72 943 170 1004 olomeo
198 935 396 1004 eonrcrtemli.
437 935 521 1014 erae
544 935 659 1018 quidem
685 933 799 1006 sabbati
827 935 991 1000 observatio
1015 933 1262 998 Clrristianisnee
1302 967 1308 977 =

73 1020 197 1101 quiequam
223 1020 375 1092 molestiae
400 1021 542 1090 afferebat
573 1043 628 1086 nec
661 1019 789 1087 libertati
816 1043 915 1084 eorum
947 1024 1098 1099 obstabat,
1123 1039 1187 1096 cum
1211 1021 1261 1087 bic

71 1121 148 1186 sponte
163 1119 188 1180 et
204 1117 223 1171 a
241 1109 357 1182 neeriae
375 1109 471 1182 coacti
487 1119 617 1193 agerent,
634 1107 689 1170 ricc
705 1107 913 1190 obligationem
931 1131 1002 1190 erga
1021 1110 1116 1192 legem
1128 1131 1261 1174 ceremo-

73 1193 152 1270 plalern
166 1198 338 1282 abrogatam
356 1196 512 1272 indicabat,
530 1217 594 1262 cura
611 1196 742 1278 reliquos
767 1197 839 1260 ritus
866 1219 925 1258 non
942 1207 1105 1278 tangerent,
1128 1207 1156 1260 et
1171 1219 1261 1280 prae-

75 1291 130 1344 terea
144 1283 215 1353 inter
240 1284 394 1357 sabbatum
417 1284 566 1371 judaicam
586 1292 614 1348 et
631 1283 819 1346 christianum
837 1283 1000 1347 differentia
1018 1294 1096 1346 esset
1109 1283 1187 1346 baud
1205 1285 1261 1352 tui-

74 1368 137 1432 riua.
164 1371 226 1438 Non
254 1371 332 1443 aula
349 1367 506 1439 Christiani
532 1371 628 1444 eibum
645 1374 767 1434 sabbato
784 1372 984 1434 necessarium
1007 1371 1053 1434 die
1071 1374 1261 1454 antecedente

76 1461 258 1538 praeparabant
283 1479 377 1548 neque
401 1458 467 1550 ipso
492 1459 613 1528 sabbato
635 1460 810 1532 ludaeorum
835 1461 918 1522 ruodo
943 1458 1150 1524 sacrificabant
1166 1481 1261 1544 neque

74 1545 230 1615 aaronitas
248 1567 424 1615 manaurae
447 1545 558 1624 eribus,
574 1545 663 1608 finitis
682 1545 786 1626 saeris,
804 1549 969 1624 cessabant,
988 1547 1056 1630 quin
1074 1547 1172 1630 potius
1188 1547 1260 1624 illis,

75 1629 107 1707 qai
126 1632 149 1692 iu
168 1633 373 1700 ‘celebratione
397 1568 512 1708 salobati
536 1634 665 1702 ludaeos
689 1634 870 1698 imitarentur
896 1655 1066 1718 sermoneque
1091 1635 1261 1706 fruerentur

76 1716 122 1790 otio,
137 1739 168 1782 ex
183 1720 330 1792 sententia
348 1719 463 1792 concilii
481 1721 642 1784 Laodiceni
660 1723 813 1784 anatliema
830 1721 1079 1802 prenunciabant:
1101 1745 1156 1784 non
1174 1745 1260 1804 opor-

76 1811 100 1862 tet
112 1809 272 1892 tibristianoa
284 1810 439 1887 jordaizare
453 1831 501 1870 noc
516 1809 630 1878 sabbato
646 1816 740 1887 otiari,
758 1812 806 1872 aad
822 1818 899 1890 tpeot
916 1833 947 1876 co
964 1813 1008 1878 alic
1018 1816 1146 1888 operari;
1162 1811 1261 1894 quodsi

75 1893 148 1954 inuenti
162 1896 263 1974 (serint
275 1897 468 1982 judaizantes,
490 1899 639 1958 anathemo
664 1903 722 1961 rint
743 1899 819 1976 apud
837 1894 1024 1980 Obristmw)
1057 1895 1175 1973 Quibus
1192 1917 1260 1959 ver-

76 1975 106 2036 bis
119 1984 260 2065 respondet
277 1993 380 2056 tractor
397 1983 482 2063 epist.
496 1985 532 2044 ad
549 1984 783 2063 Magnesianos:
803 2007 857 2046 noa
879 1988 1009 2066 amplias,
1030 1981 1175 2064 inquiens,
1191 1985 1260 2045 aab·

75 2063 318 2150 iotiaamrejudaite
336 2092 410 2138 more
434 2093 467 2132 ac
490 2073 571 2150 {ariis
600 2074 770 2149 praadcatmp
796 2079 843 2153 qni
861 2079 934 2134 enim
959 2093 1014 2134 non
1037 2079 1178 2154 oporatur,
1202 2093 1259 2134 non
1367 2077 1370 2080 ’

76 2151 127 2214 abab
151 2162 181 2220 ln
196 2160 297 2226 sudore
313 2165 385 2226 anim
402 2161 494 2228 uetitas
509 2165 550 2219 tai
567 2161 634 2233 edas
649 2181 758 2248 ponem,
781 2163 862 2240 ajunt
884 2163 1003 2240 eloquio.
1036 2161 1092 2220 Sed
1108 2166 1259 2240 correquie-

76 2257 110 2313 (μω
121 2253 223 2306 oratam
239 2247 395 2314 sabbatizet
410 2250 604 2326 spiritantitor,
629 2251 806 2308 meditatione
822 2250 890 2326 lapis
905 2250 1039 2328 qaudam,
1056 2267 1118 2308 ,oron
1134 2251 1259 2325 corporis

76 2333 146 2404 statio,
165 2331 303 2412 opificium
326 2339 378 2395 Dei
401 2335 555 2408 admirans,
580 2354 635 2397 aaa
651 2337 785 2412 pridiano
809 2336 959 2407 comedens,
984 2344 1034 2393 ont
1058 2335 1151 2410 tepida
1167 2336 1259 2399 bibens

77 2416 308 2502 etolpraaeoripio
332 2426 426 2508 spotia
450 2422 632 2499 obanrbuulone
664 2430 689 2480 ct
711 2421 907 2480 saltationibus
928 2420 1126 2498 plaasibasqao
1149 2424 1259 2479 insanis

77 2517 99 2554 oa
108 2502 219 2572 oblectare
229 2505 256 2550 l'
263 2520 287 2580 p.
315 2505 374 2572 Sed
386 2509 578 2578 observamus
591 2504 675 2574 etiarn
690 2503 844 2566 discrimen
857 2504 934 2564 inter
944 2505 1098 2583 sabbatum
1112 2501 1259 2571 Christia-

78 2600 151 2650 norum
166 2603 190 2654 ot
205 2594 281 2660 diem
300 2593 484 2672 dominicum,
502 2592 633 2676 quamvis
651 2603 773 2673 uterque
790 2591 878 2667 fuerit
894 2610 989 2654 sacer.
1017 2587 1125 2652 Nullae
1137 2592 1260 2653 aderant

77 2667 274 2752 loresmruaoto
291 2683 394 2750 stando
412 2681 535 2762 precari,
561 2691 592 2742 ut
610 2679 656 2742 die
674 2679 827 2758 dominico,
854 2679 891 2742 cb
909 2677 1131 2741 resurrectionis
1150 2677 1258 2741 Christi

78 2764 217 2830 remoram.
255 2768 423 2850 Causrrrprn
449 2769 579 2832 actiones
604 2779 632 2831 et
657 2767 799 2830 dictiones
823 2765 941 2846 legibus
974 2765 1176 2848 imperialibus
1200 2766 1260 2830 non

79 2859 135 2941 bitti
148 2854 323 2932 prohibitae;
347 2855 465 2936 publiea
489 2855 658 2938 spectacula
682 2867 710 2923 et
726 2847 790 2921 laeli
808 2877 867 2919 non
881 2851 1132 2930 vetabantur*”).
1164 2853 1259 2917 Nata-

78 2924 277 3024 lrtianartprum
301 2941 688 3020 cantabatis·celebrabantur,
713 2943 782 3024 qnia
805 2943 868 3004 dies
886 2951 968 3003 erant
992 2939 1114 3018 restit).
1148 2941 1259 3016 Coetus

78 3021 101 3080 dl
120 3026 211 3114 tultum
244 3029 394 3114 publicum
418 3029 578 3114 solenniter
602 3034 834 3104 convocabatur3
870 3031 986 3110 qrrando
1013 3036 1198 3112 convenerat,
1221 3029 1260 3089 ad

77 3103 147 3174 lesum
159 3118 269 3188 sabbati
283 3119 429 3188 dominum
440 3120 624 3204 precabatur,
641 3139 715 3198 opus
740 3115 895 3180 creationis
919 3115 1128 3180 recordabatur
1143 3114 1260 3180 Deum-

79 3212 115 3270 tat
133 3197 264 3278 laudibus
291 3195 423 3276 ornabat.
461 3207 632 3286 Legebantur
657 3207 749 3266 codex
766 3227 801 3284 s,
820 3203 1004 3284 evangelium
1047 3202 1258 3279 raedieabatur,

78 3278 237 3353 afferebantur
253 3291 425 3369 oblationes,
449 3314 534 3354 saera
560 3312 652 3354 coena
676 3291 800 3373 quisque
822 3289 949 3352 fidelium
976 3225 1112 3352 urebatur
1135 3300 1163 3352 et
1180 3289 1260 3352 servi

80 3365 176 3436 durante*
191 3393 334 3442 conventu
359 3379 444 3459 plena
470 3400 488 3441 a
512 3379 663 3442 laboribus
691 3379 843 3440 vacatione
868 3379 1046 3456 gaudebant,
1073 3379 1150 3458 quod
1168 3379 1258 3439 rerba

79 3459 170 3526 brabant
184 3466 311 3528 auctoris
327 3467 594 3529 constitutionum:
616 3472 689 3527 sarai
714 3476 860 3544 operentur
883 3469 1001 3544 quisqam
1024 3466 1127 3536 diebos,
1143 3466 1259 3524 sabbato

80 3551 143 3636 “bitu
162 3561 185 3611 at
207 3557 344 3616 dominico
366 3565 462 3617 cocant
485 3559 515 3615 in
532 3559 654 3628 ecclesio,
671 3564 784 3632 proptor
799 3555 954 3633 doctrinam
969 3547 1158 3630 protattabbp.
1192 3548 1259 3612 Hoc

81 3623 186 3698 briasto
202 3651 287 3722 atquc
302 3639 380 3702 laete
393 3639 538 3724 jejunium
556 3642 643 3728 piano
668 3637 730 3702 oreb
753 3638 883 3712 vetitmn,
907 3659 967 3698 uno
990 3656 1097 3715 magno
1124 3634 1260 3700 nimirum

80 3714 171 3783 sabbato
187 3738 316 3808 excepto,
332 3722 426 3808 pridie
441 3727 608 3812 paschatos,
635 3750 692 3809 quo
710 3729 849 3794 Servatur
864 3725 959 3788 iuerat
976 3723 1006 3784 in
1023 3733 1099 3812 terra
1115 3724 1259 3806 sepultus.

82 3795 189 3874 lanas
212 3815 287 3892 enim
310 3814 447 3882 ilburoion
470 3815 647 3894 haereticus,
674 3815 703 3878 in
729 3813 825 3880 odium
841 3813 897 3876 Dei
921 3813 1096 3878 ludaeorum
1121 3812 1259 3894 orbisque

79 3891 186 3982 terrarum
210 3901 358 3978 creatoris,
383 3915 504 3983 quauta
519 3925 633 3971 suntme
651 3905 713 3968 ileo
732 3903 805 3966 irriso
832 3901 1041 3978 distinguebat.
1064 3898 1134 3980 quia
1149 3899 1200 3962 ille
1223 3921 1258 3966 eo

80 3969 111 4033 bo
128 3983 254 4062 quieverit
280 3991 493 4072 sabbatumque
519 4003 584 4056 cunr
616 3987 685 4072 lege
712 3987 898 4054 eereruoniali
923 3987 1035 4050 dederit
1061 3987 1182 4052 ludaeis
1206 4007 1259 4068 per

81 4080 271 4116 Μ
466 4097 477 4102 -

129 4149 139 4180 b
380 4177 384 4195 ,
424 4149 429 4156 '

130 4153 393 4296 *ipcplssuggbgssapp
414 4249 457 4300 ep.
476 4231 508 4283 ad
528 4229 614 4296 Magn.
637 4247 660 4288 a.
679 4231 706 4312 9

129 4287 180 4356 m)
199 4297 359 4366 Bingbunu
380 4301 445 4366 orig.
466 4301 531 4352 eccl.
552 4299 580 4352 P.
602 4299 648 4358 iX.
667 4300 712 4358 aa.
733 4301 775 4354 20.
797 4312 855 4364 cap.
876 4300 902 4350 3·.
923 4297 949 4367 §.
974 4303 1000 4351 3.

131 4355 156 4416 il
173 4362 262 4426 Gonoil.
281 4367 388 4422 Laudic.
411 4385 469 4422 can.
488 4371 513 4426 5.

133 4423 176 4498 li)
191 4429 244 4491 bib.
263 4443 288 4508 8,
306 4455 363 4508 cap.
385 4441 429 4495 33.
1011 4516 1058 4579 7*
