2968 4900
225 279 295 352 M
626 332 630 339 .
655 286 658 292 '
728 275 756 344 l.
779 275 951 345 Mirm

229 455 375 532 Tandem,
392 455 471 537 qued
489 463 632 518 ιἰιιιιιιι
647 451 691 516 rei
708 453 819 532 tangit,
840 448 1124 536 appententem
1141 447 1323 516 (lasaubont
1335 447 1463 530 -J‘udiec

223 554 291 608 ιιιιιι
312 545 349 605 ad
365 542 442 606 mem
458 561 544 624 qaam
561 543 598 604 ad
613 549 728 604 noctem
743 540 870 604 relortnr
886 551 915 604 et
930 540 1101 623 simpliciter
1115 538 1205 602 vitem
1227 536 1259 600 in
1284 536 1370 618 agris
1397 539 1461 600 sub

231 631 280 694 dio
299 631 409 710 degere
425 625 583 708 siguificat,
599 626 717 690 iuterim
732 637 829 692 tamen
846 635 991 690 uetustam
1008 625 1154 692 eccleiac
1163 623 1358 702 traditionem,
1376 644 1461 706 quae

189 716 196 728 '
232 724 376 780 ιιοιιιιιιι
393 725 524 796 temporo
539 715 706 795 pastoribus
722 714 862 795 angelum
882 715 1055 797 apparuisse
1072 712 1241 792 confirmat,
1263 732 1323 774 non
1341 720 1460 778 temere

230 803 419 886 rejiciendam
438 821 507 863 esse
524 800 720 868 casaubonus
738 812 841 864 auctor
858 811 913 880 est,
938 804 985 865 cni
1003 825 1037 866 eo
1062 800 1214 864 lubentius
1239 797 1458 879 suffragantur,

162 891 165 896 '
230 889 414 974 quocertins
435 898 489 963 cst,
507 889 584 968 qnod
601 891 682 969 apnd
696 889 793 970 ipsum
809 889 922 952 Lucam
941 890 970 967 l,
997 892 1029 954 8.
1053 888 1174 952 disertis
1194 884 1292 950 verbis
1312 894 1457 967 pastores

230 987 318 1040 noctu
337 975 423 1038 orilis
440 995 539 1038 coram
562 973 706 1038 babuisse
724 976 850 1056 legatur.
887 976 945 1041 Vix
961 996 1047 1058 opus,
1073 987 1105 1038 ιιι
1127 973 1251 1056 reliquis
1268 973 1457 1054 conjecturis

230 1063 418 1127 confutandis
435 1074 550 1143 ternpus
566 1065 733 1144 perdamus.
765 1062 836 1126 Fuit
853 1065 970 1126 omniuo
987 1063 1097 1127 mensis
1114 1061 1206 1137 Tisri,
1222 1059 1274 1142 qui
1291 1059 1457 1122 maximam

230 1159 340 1232 permut
364 1159 465 1212 nostro
489 1149 646 1227 septembri
673 1154 847 1232 respondet,
870 1151 974 1214 diebus
989 1151 1074 1214 iestis
1091 1145 1456 1232 compluribus-celebris.

230 1239 367 1300 incidunt
383 1236 461 1300 enirn
476 1235 507 1298 in
522 1234 603 1298 buno
619 1257 748 1300 monscru
758 1237 850 1300 lerino
867 1239 1022 1316 acrisoni,
1041 1234 1228 1318 expiationis,
1238 1234 1456 1298 tabernaculo-

230 1347 304 1388 rnu.
340 1324 414 1402 Quis
432 1333 529 1386 ιιιιιιιιι
544 1323 613 1384 inde
630 1323 759 1405 colligat,
777 1326 833 1387 lroc
849 1345 921 1406 prae
937 1325 1063 1409 reliquis
1080 1344 1182 1386 menso
1198 1320 1348 1388 Christum
1366 1322 1456 1384 nasci

230 1412 382 1485 debuisse,
399 1421 432 1472 nt
448 1409 583 1472 nimirum
600 1412 708 1476 recitas
724 1423 872 1475 constaret
888 1413 1060 1494 imaginum.
1078 1411 1173 1490 Quasi
1190 1409 1453 1486 semotissimis,

230 1519 306 1582 puae
321 1497 538 1580 antpracslicta
554 1507 605 1560 aut
620 1497 725 1578 liguris
744 1521 886 1581 expressa
902 1511 979 1579 snat,
997 1511 1102 1564 euentu
1120 1497 1310 1579 comprobata
1335 1507 1452 1574 essent,

228 1586 254 1648 si
272 1583 319 1648 rel
335 1586 393 1648 elio
411 1600 514 1648 mense
528 1595 615 1648 natus
631 1585 720 1648 fuerit
737 1586 773 1664 is,
788 1589 825 1650 ad
844 1609 929 1669 quem
945 1589 1019 1660 luteo
1036 1587 1133 1652 omnia
1148 1583 1453 1666 pertinereridentnr.

229 1673 374 1736 Mundum
392 1675 494 1736 codem
510 1672 580 1736 unni
596 1682 725 1754 tempore
742 1684 842 1736 natum
859 1686 888 1738 et
901 1686 1036 1738 renatum
1052 1675 1161 1751 dicere,
1177 1670 1315 1734 lrirolnnn
1328 1669 1452 1752 judica-

229 1780 317 1835 ιιιιις
335 1759 406 1842 quid
423 1772 482 1822 tum
499 1759 529 1836 ii,
547 1761 598 1840 qni
614 1781 734 1824 rcrnnm
749 1771 864 1844 tempus
880 1762 1021 1825 creationi
1039 1762 1204 1842 assignant,
1230 1777 1307 1839 qnae
1324 1767 1451 1820 sentcn-

217 1847 270 1910 ,ιιι
287 1848 394 1910 nunes
409 1847 513 1910 babuit
528 1846 607 1910 inter
620 1858 733 1910 retcroe
756 1850 922 1929 patronosl
955 1849 1100 1914 Nesciunt
1122 1848 1214 1922 forte,
1240 1844 1310 1926 qnid
1339 1844 1451 1922 dicant,

229 1935 281 2016 qui
297 1937 436 1998 mundum
455 1955 507 2014 per
523 1934 701 1998 nativitatem
718 1935 830 1998 Christi
847 1947 979 2000 renatum
996 1955 1062 2000 esse
1080 1935 1270 2000 contendunt.
1290 1931 1357 1994 Hoc
1370 1943 1451 1996 certe

227 2032 276 2084 est
290 2021 387 2084 serbis
404 2020 516 2097 ludere,
533 2043 591 2084 nou
608 2022 687 2084 seria
704 2033 839 2088 tractare.
862 2017 956 2088 Nobis
968 2023 1109 2106 deniqne,
1125 2021 1176 2105 qni
1192 2018 1316 2104 quodvis
1332 2028 1449 2101 tempus

229 2110 287 2170 sub
303 2108 413 2170 Christi
429 2107 573 2190 auspiciis
588 2109 789 2189 gratissimum
804 2109 959 2190 liniemus,
976 2133 1037 2174 non
1053 2111 1162 2174 arridet
1179 2105 1287 2191 opinio,
1309 2126 1387 2188 quae
1412 2109 1450 2170 de

227 2194 297 2258 anui
316 2195 400 2258 initio
416 2204 445 2257 ct
460 2215 551 2258 cursu
569 2197 686 2278 uulgari
702 2198 790 2261 nimis
808 2199 963 2264 sollicitam
980 2219 1080 2262 numm
1100 2196 1204 2280 prodit.

313 2281 564 2346 Perlustrarinns
581 2285 832 2349 baeteuusraries
847 2290 883 2349 dc
900 2286 947 2350 dic
962 2287 1053 2351 natali
1063 2285 1172 2350 Christi
1190 2281 1354 2365 opiniones,
1372 2301 1449 2344 con·

227 2369 337 2432 dictum
354 2370 551 2452 antiquiorum
568 2379 598 2433 ct
613 2373 806 2436 recentiorum
823 2373 1029 2438 historicorum
1038 2383 1066 2438 et
1074 2369 1331 2452 *chronologorum
1348 2390 1448 2451 quan-

156 2450 161 2479 ¹
228 2467 289 2520 tutu
313 2457 430 2539 quidem
455 2479 508 2538 per
532 2460 702 2539 scriptionis
721 2462 1009 2541 ,angustismlicmm
1036 2459 1211 2539 vidimus*).
1243 2456 1391 2520 iudicium
1410 2459 1447 2520 dc

228 2543 342 2606 difficili
358 2555 532 2624 argumento
549 2546 670 2610 cuilibet
687 2548 889 2628 permittimus.
917 2551 1054 2614 Nostram
1076 2549 1101 2610 si
1126 2548 1191 2630 quis
1216 2543 1345 2626 requirat
1370 2563 1449 2610 seu-
1473 2585 1474 2596 r

227 2631 358 2708 tentiam,
375 2632 479 2712 paucis
497 2653 689 2714 exponemus.
723 2635 807 2697 Ilicrn
825 2636 966 2698 incertum
985 2657 1053 2700 esse
1082 2655 1138 2698 nec
1153 2631 1214 2696 ulla
1228 2630 1356 2694 bumana
1373 2629 1449 2692 dili·
1473 2597 1474 2661 l

227 2717 329 2795 gentis
353 2717 434 2794 crui,
452 2718 541 2780 multo
558 2719 654 2781 miuus
671 2719 785 2799 priuata
810 2723 969 2803 cujuslibet
983 2723 1155 2786 anctoritate
1179 2716 1290 2782 deliniri
1315 2715 1448 2798 aliisque
1472 2787 1473 2794 ,

88 2875 92 2882 ι
225 2823 383 2867 assensum
399 2803 539 2885 imperari
556 2824 643 2885 posse
670 2807 837 2872 stotnimns.
869 2810 914 2872 Ad
931 2810 1062 2874 calculos
1079 2811 1218 2884 sedeant,
1232 2804 1342 2888 ouibus
1357 2809 1473 2889 vaceti

227 2889 380 2972 indagare.
409 2891 472 2954 Nos
488 2887 612 2955 alioruin
629 2895 763 2976 exemplo
780 2895 880 2958 monili
898 2898 977 2960 huuc
994 2919 1108 2961 omnem
1124 2897 1253 2958 laborem
1269 2893 1448 2974 improbum,

227 2979 355 3044 studium
371 2979 458 3043 inane
472 2979 649 3060 judicamus.
679 2982 764 3060 Quae
779 2984 863 3046 Deus
881 2983 997 3060 celarit,
1015 2997 1148 3062 nostrum
1164 2981 1296 3047 rerclarc
1311 3000 1371 3042 non
1389 2992 1446 3047 est.

226 3062 274 3130 tls
291 3075 397 3130 euentu
420 3067 517 3148 potins
535 3065 719 3147 colligimus,
741 3070 835 3136 Deum
860 3072 987 3152 sapienti
1013 3072 1135 3136 consilio
1158 3069 1245 3133 nobis
1268 3067 1348 3130 lrnnc
1366 3067 1447 3130 diem

227 3152 403 3229 occultasse,
419 3153 471 3234 oni
489 3152 514 3214 si
532 3153 676 3218 uoluisset
690 3155 756 3234 bac,
772 3178 830 3239 qna
845 3158 935 3222 laoile
950 3181 1101 3238 caremus,
1120 3156 1288 3242 cognitione
1311 3153 1400 3218 sidem
1418 3166 1448 3217 et

227 3238 362 3320 pietatem
385 3249 514 3302 nostram
538 3243 695 3321 roborare,
720 3243 823 3326 utique
847 3267 906 3308 non
923 3268 1032 3330 passus
1050 3257 1129 3312 esset
1145 3267 1180 3309 ea
1196 3245 1285 3327 plane
1300 3241 1447 3324 ignorari.
1470 3283 1471 3330 p

226 3327 290 3390 Nec
307 3325 503 3390 undositate·
522 3337 622 3391 eornm
647 3331 823 3412 probamus,
847 3335 897 3417 qni
919 3335 1060 3413 rationes,
1086 3355 1139 3397 eur
1162 3335 1244 3397 Deus
1266 3351 1326 3393 uon
1343 3339 1448 3392 notum
1470 3333 1471 3347 ¹

226 3413 338 3491 lecerit,
366 3414 514 3479 subtiliter
529 3415 616 3480 nimis
631 3417 731 3482 rimmi
747 3423 866 3486 audent.
897 3423 1050 3486 Lubenter
1071 3434 1099 3485 et
1120 3421 1250 3502 ingenus
1265 3426 1395 3482 nostran
1414 3417 1447 3480 in

226 3501 274 3566 tis
291 3501 435 3566 inscitiam
452 3502 587 3567 latemur.
620 3505 679 3568 Sed
697 3527 872 3591 quamquam
889 3510 951 3573 dics
968 3512 1080 3592 ignota,
1100 3508 1240 3572 memoria
1257 3504 1445 3592 lamentanti
1469 3519 1470 3526 ¹

227 3589 361 3652 beneficii
374 3593 518 3654 servanda
535 3601 564 3654 ct
581 3597 763 3656 coosnetndo
781 3596 927 3660 ccclesiae
941 3598 971 3659 in
988 3597 1082 3660 sacris
1098 3593 1240 3660 natalitiis
1258 3593 1446 3657 celebrandis

226 3695 286 3741 uon
302 3676 457 3754 abolenda,
472 3699 550 3760 qnae
568 3700 634 3741 cnm
650 3701 710 3744 non
726 3681 782 3744 nisi
800 3690 874 3744 stato
890 3684 937 3745 dic
955 3684 1015 3748 sint
1029 3686 1208 3766 peragenda,
1226 3680 1295 3764 qnid
1310 3679 1444 3762 impedit,

226 3762 382 3846 quominus
415 3784 481 3826 cnm
510 3765 704 3845 retineamus,
737 3789 822 3850 quern
855 3769 982 3833 ccclesia
1007 3773 1044 3834 ab
1070 3771 1191 3854 antiqno
1208 3768 1279 3831 buin
1306 3766 1444 3850 inprimis

210 3849 295 3912 ,usui
311 3850 474 3916 destinarit.
505 3851 596 3914 Salsa
611 3852 746 3916 libertate
763 3863 865 3918 nostra
882 3877 949 3919 enm
966 3858 1162 3934 celebramus,
1186 3875 1273 3939 quem
1296 3853 1316 3916 ii
1334 3853 1445 3918 festum

118 3954 123 3960 ·
226 3945 328 4017 agant,
344 3939 395 4020 qni
411 3938 441 4000 in
454 3938 553 4003 multis
564 3938 662 4022 iisque
680 3941 865 4022 gravissimis
882 3945 1032 4018 doctrinae
1055 3945 1202 4028 capitibus
1227 3963 1246 4006 a
1269 3939 1358 4002 uobis
1377 3941 1446 4005 dis-

226 4023 365 4088 sentiunt.
386 4023 453 4088 Non
469 4026 547 4108 enim
562 4027 611 4090 bic
628 4030 664 4091 de
681 4031 818 4110 dogmate
836 4030 905 4096 lidei
920 4034 1029 4116 agitur,
1045 4036 1098 4096 sed
1115 4035 1152 4094 do
1170 4031 1237 4107 ritu,
1254 4045 1340 4108 quern
1356 4029 1446 4092 salva

224 4111 282 4176 ide
298 4111 423 4175 minere
437 4124 627 4198 nostrumque
642 4115 673 4179 in
690 4118 842 4182 retinendo
858 4120 942 4203 pacis
959 4133 987 4185 ct
1002 4116 1223 4203 tranquillitatis
1240 4111 1369 4178 studium
1386 4118 1444 4180 de-

225 4198 339 4266 clarare
355 4217 524 4284 passumus.
557 4203 658 4268 Liberi
675 4204 732 4270 lroo
747 4198 882 4289 iacimus,
900 4230 958 4272 uon
975 4208 1079 4274 coacti.
1110 4200 1291 4288 Quaecnim
1307 4199 1340 4264 in
1356 4220 1442 4270 conc.

143 4497 146 4503 .
224 4405 652 4534 842’2.Ρ1ιιιιιιιιιοιιιιιιι,
672 4409 750 4466 udsut
769 4409 790 4467 l.
808 4410 841 4470 Α.
858 4409 1026 4471 l'sbrteli
1044 4413 1169 4482 biblium.
1188 4377 1295 4483 Antion..
1308 4377 1393 4466 cx.
1412 4381 1439 4480 p.
1465 4427 1466 4493 p
