2982 4892
258 298 324 373 M
631 295 637 306 ’
721 297 760 370 Ε.
776 297 814 370 F.
829 297 1010 369 Wmnsdori
1028 297 1034 310 '
1092 297 1095 304 ’
1123 315 1130 324 “

259 468 319 562 tipo·
332 469 369 542 di
383 475 493 560 ἑτέραν
510 473 615 550 ἐνθείς
632 475 801 561 περιστερᾷ
817 476 923 562 χρυσῇ,
941 475 1108 560 ἐκρέμασεν
1126 468 1341 560 ίποίνωιᾶμίου
1356 475 1475 540 θυσια-

261 567 403 648 στηρίου.
439 568 478 629 Et
493 567 592 649 pantio
616 579 683 649 post
699 567 793 642 idem,
818 567 921 628 neseio
939 565 1021 648 quis,
1048 564 1287 646 Amphilochius,
1314 575 1397 627 certe
1422 587 1481 628 nou

260 654 426 719 leoniensis
451 657 608 738 episeopus
635 655 732 735 pergit
756 663 914 734 narratque
940 675 999 735 qua
1024 652 1136 715 ratione
1151 648 1282 714 Basilius
1300 673 1362 716 rem
1381 654 1478 734 perie-

263 743 352 806 eerit:
386 738 453 802 Καὶ
476 731 766 822 προσκαλεσάμενος
791 731 976 824 χρυσοχόον,
1001 738 1130 821 ἐποίησε
1151 731 1212 819 τὴν
1235 729 1427 820 περιστερὰν
1447 739 1480 802 ἐκ

262 827 391 914 χρυσίου
414 825 579 906 καθαροῦ,
604 824 656 890 καί
680 827 713 889 ἐν
736 823 819 914 αὐτῇ
843 827 1000 913 adridere
1022 817 1081 910 τὴν
1103 823 1226 906 μερίδα,
1250 818 1410 908 κρεμάσας
1432 823 1481 888 tat

262 908 323 997 τὴν
337 910 425 998 ἁγίαν
449 905 620 996 τράπεζαν,
648 908 820 976 ἀντίτυπον
849 911 922 996 τῆρ’
939 911 1027 997 ἀμίας
1059 911 1178 994 ἐκείνης
1212 912 1403 997 περιστερᾶς
1427 912 1481 994 τῆς

263 1003 412 1083 φανείσης
435 999 469 1063 ἐν
491 992 645 1092 Ιορδάνῃ,
668 1000 728 1062 τοῦ
747 1003 869 1080 Κυρίου
897 997 1138 1084 βασανιζομένου.

351 1087 461 1152 Seoule
477 1111 507 1170 p.
527 1089 561 1151 G.
577 1089 614 1152 N.
630 1088 732 1171 quinto
747 1090 865 1171 quidam
881 1089 1039 1172 episeopus
1057 1089 1087 1148 in
1104 1087 1201 1150 Gallia
1216 1087 1365 1150 eenlesiae
1385 1089 1482 1150 'luro-

263 1175 385 1254 uensis,
401 1176 566 1256 Perpetuus
583 1177 718 1255 somine,
737 1175 885 1240 banniario
901 1179 1073 1257 presbytero
1096 1183 1312 1256 peristerinmet
1329 1179 1482 1240 eolembom

263 1268 301 1328 ud
318 1270 521 1346 repositorium,
545 1263 576 1328 b.
593 1285 620 1327 e.
639 1263 790 1345 parvulam
809 1263 936 1346 pyxides
954 1274 983 1325 et
997 1261 1098 1344 paullo
1115 1263 1269 1344 majorem,
1293 1267 1330 1325 etl
1351 1266 1482 1326 eunden·-

264 1355 360 1415 dass.
379 1349 574 1414 eucharistiae
591 1351 750 1432 reliquias,
767 1363 929 1414 νονίννννναο
944 1355 1047 1429 ίυραυνν
1062 1351 1100 1430 *t
1133 1351 1172 1412 Et
1186 1351 1323 1431 maribus
1340 1351 1482 1432 exemplis

265 1437 373 1502 adlatis
398 1439 497 1500 doenit
519 1439 598 1501 lob.
621 1437 893 1505 Mobillouins
910 1439 1061 1520 antiquum
1086 1436 1183 1500 inisse
1207 1447 1315 1500 rnorem
1334 1441 1483 1521 symbolas

265 1525 478 1590 euebaristirns
500 1525 532 1586 in
556 1525 731 1607 quibusdam
758 1526 904 1588 onlnmbis
930 1525 1030 1588 aureis
1055 1533 1084 1588 ot
1108 1525 1256 1606 argenteis
1282 1545 1375 1606 super
1401 1527 1483 1588 altari

263 1613 461 1696 pendentibus
491 1613 738 1693 conseruare**).
789 1614 885 1694 Atque
901 1614 987 1674 buno
1011 1633 1121 1674 morem
1147 1613 1232 1675 etiam
1259 1625 1361 1674 nostro
1389 1614 1483 1676 adbue

211 1757 217 1766 .
264 1709 394 1781 tempore
410 1701 440 1761 iu
454 1696 629 1782 quibusdam
646 1698 781 1763 ecelesiis
792 1699 908 1764 Galliae
926 1701 1057 1764 obtinere
1068 1699 1225 1762 Meleon
1236 1701 1298 1762 ins
1315 1702 1483 1780 aeteram).

264 1789 309 1850 lta
333 1788 531 1870 symbolorum
563 1789 760 1850 eun'b'aristiau
792 1790 1030 1851 consecratorum
1054 1788 1162 1850 lartum
1197 1798 1243 1850 est
1265 1787 1483 1872 reneptneelurn

265 1876 417 1954 catasta,
444 1878 524 1957 quod
541 1895 750 1960 nonnunquam
769 1887 883 1940 constat
898 1876 995 1938 erneis
1010 1876 1042 1938 iu
1058 1875 1145 1938 altari
1162 1877 1275 1957 positae
1291 1875 1379 1941 busin
1397 1897 1483 1958 prae-

264 1963 378 2026 buisse.
1199 1997 1202 2005 ν

353 2063 490 2146 Denique
511 2063 610 2128 laeum
639 2067 807 2129 babuerunt
832 2077 920 2149 atque
946 2065 1112 2128 etiamnunc
1135 2067 1244 2128 babent
1273 2065 1428 2129 columbae
1452 2068 1484 2128 in

262 2151 455 2232 baptisteriis.
500 2150 545 2214 tta
561 2151 629 2216 oiim
647 2164 675 2215 et
691 2154 786 2216 iorrna
808 2154 926 2217 inerunt
948 2153 1009 2216 alia
1033 2175 1119 2235 qnam
1136 2155 1222 2216 bodie
1239 2159 1268 2214 et
1281 2154 1484 2234 magnitudine

264 2238 340 2302 sans
356 2237 454 2320 ampla
470 2241 507 2300 nd
526 2239 697 2322 rapiendam
715 2241 865 2304 bominum
885 2241 1099 2304 multitudinem
1117 2252 1146 2304 et
1163 2241 1282 2322 picturis
1304 2249 1393 2323 atque
1409 2242 1484 2304 irua-

262 2326 387 2408 ginibns
406 2330 548 2390 exornata
565 2329 612 2404 †l.
656 2327 835 2392 llliiaiebant
860 2329 1019 2411 spatiosam
1048 2331 1164 2391 domurn
1181 2349 1199 2391 a
1216 2325 1324 2408 templo
1350 2329 1415 2409 ipso
1434 2349 1484 2391 se-

261 2415 404 2498 junctam,
431 2413 631 2507 qualiqbodie
648 2419 683 2478 ad
702 2403 1110 2480 Lateranensem⁴basilieum
1128 2417 1308 2493 Romanam,
1333 2415 1485 2478 Constan-

263 2501 474 2580 tinianum††)
489 2503 594 2567 visitur
605 2504 807 2588 baptisterium
824 2505 908 2588 eique
925 2503 1035 2566 similis
1047 2504 1079 2564 in
1099 2503 1275 2592 quibusdam
1292 2500 1362 2566 aliis
1380 2502 1485 2567 ltaliae

258 2661 496 2680 W-
588 2664 594 2677 ν

293 2727 298 2733 ⁶
333 2755 365 2821 ⁴)
385 2755 425 2808 lta
453 2757 578 2820 leguntur
606 2756 688 2809 verba
715 2758 741 2808 iu
765 2765 921 2810 testamento
953 2755 1093 2825 Perpetui,
1126 2761 1194 2826 quod
1219 2759 1387 2812 eonservuvit
1410 2763 1485 2812 uobis

165 2835 177 2850 ‘
264 2825 382 2879 bueus
410 2825 582 2894 ‹l‘Aebery
606 2827 633 2878 iu
653 2827 795 2892 spicilegio
813 2827 930 2896 Seriptor
947 2826 978 2880 T.
1001 2827 1036 2879 lll
1066 2844 1092 2895 p.
1112 2831 1174 2882 30³.
1199 2829 1263 2883 edit.
1289 2831 1387 2882 nonme.
1407 2831 1483 2880 dete

266 2899 363 2948 Bam.
399 2891 427 2944 ln
454 2895 543 2946 eodem
571 2895 712 2960 spicilegio
737 2897 902 2948 Daobnioao
927 2897 1055 2947 habentur
1084 2895 1243 2949 Udalriei
1269 2899 1403 2964 eujusdam
1422 2902 1485 2950 Goa-

264 2963 415 3046 puqtudipes
434 2955 628 3044 cluniupeirsea,
651 2965 677 3014 in
695 2963 790 3081 quibus
807 2965 829 3014 is
847 2965 928 3016 refert
946 2963 1097 3029 Udelrieus‚
1115 2967 1195 3048 'apud
1213 2967 1259 3017 bos
1276 2967 1305 3017 iu
1326 2968 1405 3050 nisse
1432 2984 1485 3018 rnu-

261 3047 315 3098 Jorr
332 3045 443 3098 qumque
465 3031 564 3082 bestias
583 3031 660 3081 simul
678 3047 693 3081 ο
712 3047 780 3096 erra,
803 3041 827 3081 et
846 3051 935 3083 εαννννν
957 3043 1070 3101 quatuor
1096 3037 1173 3084 samael
1196 3048 1252 3084 eum
1280 3045 1388 3097 meru,
1416 3054 1485 3103 φναν

263 3101 293 3148 ν’νν
310 3117 401 3222 anilii)
412 3099 529 3149 columba
553 3116 633 3164 anper
659 3101 744 3149 νίσοντ’
759 3101 888 3165 pendente
907 3103 1015 3170 jugiter
1030 3111 1214 3168 νενυονενντννν,
1236 3105 1342 3156 mutari.
1360 3103 1443 3156 'l’outo
1463 3104 1481 3156 1.

264 3181 326 3232 μσς.
402 3199 409 3218 .

334 3248 381 3314 ss)
400 3249 439 3302 n.
455 3249 575 3314 utraqu
594 3249 729 3308 santerna
750 3250 769 3306 1.
787 3253 814 3316 9,
834 3269 860 3321 a·
879 3255 923 3312 9⁰·

334 3333 398 3402 ***)
422 3340 547 3404 Vquges
559 3337 716 3406 liturgiquee
728 3337 760 3388 de
770 3341 872 3390 Franco
885 3355 941 3408 pne·
958 3342 982 3392 le
992 3343 1068 3392 Sient*
1086 3342 1124 3394 de
1135 3339 1162 3394 M
1171 3357 1185 3394 o
1193 3343 1223 3396 le
1234 3357 1270 3394 on
1280 3341 1390 3396 Parisiis
1405 3345 1481 3398 1718.

264 3403 308 3456 nbi
335 3404 401 3458 ritus
424 3405 617 3468 audegavensis
645 3407 676 3458 ud
704 3405 857 3466 blsdnanum
885 3411 1013 3462 ecelesiae
1039 3411 1204 3476 describens,
1237 3427 1296 3478 pag.
1323 3415 1383 3465 113.
1419 3413 1483 3464 baee

264 3473 359 3546 babet:
378 3469 448 3526 Dens
468 3471 568 3539 l'eglise
584 3475 718 3540 collegiale
738 3477 769 3526 de
789 3475 816 3528 S.
837 3476 953 3530 Julien
972 3479 997 3530 le
1016 3480 1109 3530 saint
1128 3470 1268 3532 Ciboire
1294 3485 1336 3532 est
1352 3483 1483 3548 suspendu

265 3553 297 3594 en
316 3543 380 3594 bunt
400 3544 525 3594 uudessns
545 3543 576 3595 tle
595 3545 684 3596 l'nutel
701 3560 762 3596 snus
780 3547 910 3612 pavilione
930 3547 1006 3615 llys
1026 3559 1077 3598 une
1094 3548 1209 3599 columbe
1228 3549 1363 3612 aedessas,
1386 3565 1482 3600 comme

263 3625 357 3664 eruore
377 3613 540 3678 aujourd'bui
559 3609 575 3664 d
595 3612 623 3664 S.
644 3613 787 3679 Liperoebe
817 3629 851 3666 eu
876 3616 981 3666 diocese
1005 3617 1037 3666 de
1056 3615 1196 3682 Cbertres,
1222 3624 1249 3667 et
1271 3614 1289 3668 d
1308 3617 1336 3668 S.
1358 3616 1425 3670 Paul
1454 3619 1483 3668 de

264 3681 341 3746 Sena,
359 3687 385 3732 et
404 3680 529 3732 autrefois
549 3682 613 3732 dous
631 3682 730 3744 l’eglise
750 3682 782 3732 de
801 3681 911 3750 Clnguy.
947 3683 985 3734 0n
1007 3685 1059 3734 suit
1076 3684 1193 3736 eombien
1211 3700 1255 3735 oes
1281 3686 1411 3738 colombes
1432 3701 1482 3738 aux

264 3750 430 3869 impensione
457 3751 491 3801 du
516 3749 586 3800 saint
603 3757 749 3801 sacremeut
773 3757 833 3801 sont
856 3751 995 3804 enoiennes
1017 3759 1077 3804 test
1095 3753 1159 3806 deos
1178 3751 1277 3817 l'egiise
1296 3752 1414 3821 lineaque
1435 3770 1482 3822 que

288 3832 304 3868 u
327 3833 369 3869 ue.

332 3903 366 3966 ᾧ)
383 3900 398 3954 l
408 3902 459 3953 ob.
476 3900 581 3953 ileur.
601 3899 880 3970 Weddenlruurpii
906 3903 1009 3957 libellus
1028 3905 1167 3972 singularis
1186 3907 1217 3958 de
1234 3907 1396 3976 baptisteriis
1411 3916 1482 3960 vete-

263 3983 331 4022 rum.
354 3968 462 4022 llelust.
483 3973 560 4027 1703.
580 3970 607 4024 8.
630 3970 715 4034 editus
733 3986 787 4025 nem
803 3973 910 4048 plenum
927 3981 955 4025 et
972 3976 1116 4031 evidentem
1135 3975 1208 4030 ieoit.

375 4054 388 4119 )
406 4049 504 4106 Volunt
520 4056 547 4106 iu
568 4069 599 4107 eo
619 4055 778 4124 bsptiuatunr
796 4057 876 4110 inisse
895 4057 1090 4114 Constantinum
1108 4059 1144 4114 ld.
1160 4059 1223 4130 lup.
1243 4070 1271 4114 et
1286 4063 1382 4114 multas
1401 4078 1481 4130 ungas

263 4123 318 4186 egit
373 4122 460 4174 etti.
480 4122 719 4176 liubrrnsunus
737 4127 847 4178 influet.
865 4143 919 4180 ene.
934 4131 1114 4197 νίνιναρνννννιο
1126 4133 1259 4184 conum.
1280 4130 1377 4183 boues
1395 4135 1479 4195 tm,

263 4191 308 4258 qui
326 4190 351 4242 lu
373 4191 461 4257 putere
486 4205 564 4259 opere
589 4193 686 4246 saelum
707 4195 786 4247 babet
812 4193 905 4248 flues.
925 4197 1116 4266 liesponuu
1141 4200 1167 4250 iu
1192 4203 1322 4266 Deampt.
1348 4203 1481 4252 maliem

263 4261 459 4311 tununensis.
480 4259 664 4313 Constantinus
681 4260 717 4314 lt.
732 4266 862 4316 exstruxit
879 4273 905 4317 et
922 4269 1025 4319 ornavit
1044 4269 1092 4320 boe
1111 4268 1300 4336 buptitterium.
1328 4267 1479 4322 Pontideele

263 4325 404 4386 Romanum
424 4341 440 4378 e
458 4326 518 4380 lob.
539 4329 656 4395 llignolin
675 4329 770 4384 lionae
796 4334 863 4388 tibi
880 4335 905 4389 iu
927 4335 1051 4390 Silvestre
1070 4351 1096 4404 p.
1115 4353 1138 4388 r.
1160 4351 1186 4405 p.
1202 4341 1246 4394 88.
1265 4337 1347 4390 relert
1371 4339 1479 4389 donaria

263 4395 427 4448 Cousuntinl
446 4393 482 4448 ld.
501 4399 544 4462 qui
560 4397 657 4454 iontem
675 4400 781 4456 lenisset
803 4411 977 4472 memoretque
1003 4421 1095 4472 spuunt
1114 4421 1221 4460 subeunt
1234 4406 1384 4458 tendentem
1402 4420 1479 4473 eques

264 4465 303 4516 ibi
320 4464 489 4522 eenttltntum
516 4463 606 4519 luisse.
649 4469 675 4521 ld
697 4471 877 4538 boptistetium
897 4481 1028 4526 vetustate
1053 4489 1158 4528 exesum
1185 4483 1276 4530 murat
1300 4473 1478 4542 llespouus

261 4532 354 4588 ouo.
376 4533 456 4588 besil.
478 4539 506 4586 et
524 4535 678 4600 patrierebii
696 4538 822 4596 lauterna.
842 4556 869 4610 p.
890 4545 952 4600 tte.
974 4541 1104 4598 brunon
1124 4541 1193 4600 Vlll.
1214 4544 1360 4599 rutimitse
1380 4551 1409 4598 et
1425 4543 1476 4612 pul·
