2968 4900
203 257 269 330 m
507 252 509 266 ·
641 270 643 276 ¹
692 227 730 319 ἰ.
746 252 785 320 a.
801 249 920 318 name

205 431 349 500 decennio
365 410 433 496 ante
449 447 535 513 qnam
550 445 714 492 sermonem
736 426 887 496 laudatum
911 428 1070 506 recitaret,
1092 447 1198 496 morem
1222 428 1436 492 Romanorum

205 523 285 604 apud
300 518 498 584 Antiochenos
514 534 583 580 asse
598 515 806 592 introductam,
823 525 855 578 nt
871 516 1008 578 nimirum
1024 516 1150 580 natalem
1168 515 1276 580 Christi
1301 513 1350 576 die
1374 513 1436 576 25.

116 679 119 690 ,
148 613 153 624 “
207 606 373 676 decembris
390 605 579 679 celebrarent,
596 612 786 682 qnemantea
802 601 862 664 alio
880 603 1132 668 dieeelehrarant.
1149 604 1237 666 Hunc
1248 622 1318 665 nero
1335 599 1436 664 aliurn

208 696 285 798 diem
301 696 341 798 ,6.
360 690 489 813 qanuarii
512 689 625 767 fnisse,
652 710 690 752 ex
714 689 872 770 Epiphanii
898 690 1064 782 testimonio
1090 711 1181 773 snpra
1201 690 1321 804 laudata
1339 687 1436 752 lacile

208 781 445 930 8⁰1¹'Egdllslltis
463 866 499 925 de
515 862 655 943 antiquis,
672 881 746 943 qnos
763 861 794 924 in
814 865 1020 928 constituendo
1037 865 1084 928 die
1103 864 1196 928 natali
1223 863 1268 926 rel
1294 862 1348 926 25.
1366 829 1437 924 *de-

112 957 119 964 “
209 953 334 1020 cambris
350 952 397 1015 rol
415 952 446 1014 6.
459 949 588 1032 januarii
606 949 775 1012 nominasse
793 961 904 1014 eertum
922 962 985 1031 ost,
1003 952 1186 1032 argumentis
1201 951 1318 1014 idoneis
1336 949 1436 1014 dasti-

209 1041 273 1118 tnti,
288 1041 326 1101 ad
343 1037 584 1102 consuetudinem
601 1046 631 1098 et
646 1057 756 1098 marem
774 1049 923 1118 receptum
942 1049 1145 1120 provocantes.
1176 1040 1240 1104 lam
1259 1039 1296 1101 ad
1320 1057 1435 1100 recen-

209 1128 300 1190 tiores
318 1126 480 1198 veniamus,
495 1131 618 1206 qnorum
633 1123 822 1203 judicinmec
839 1125 959 1207 majoris
976 1136 1020 1190 est
1034 1126 1184 1208 ponderis,
1202 1147 1260 1207 quo
1277 1124 1383 1206 majori
1403 1123 1435 1184 in

122 1245 128 1252 ·
208 1215 301 1278 rebus
317 1210 538 1292 chronologicis
556 1209 680 1272 scientia
698 1210 842 1289 instructi,
860 1213 890 1274 in
909 1212 1109 1276 convellendis
1130 1213 1254 1276 aliorum
1279 1210 1434 1294 opinioni·

209 1304 267 1366 bus
283 1301 357 1364 satis
373 1297 487 1375 felices,
504 1295 652 1360 meliorem
669 1297 744 1358 sorte
760 1318 845 1360 suam
862 1299 1053 1364 substituisse
1066 1302 1135 1381 jure
1150 1300 1290 1363 censendi
1299 1308 1381 1363 sunt.
1400 1299 1436 1360 ln

210 1387 424 1452 recentioribus
441 1395 538 1448 autam
554 1383 664 1465 primas
680 1383 782 1446 merito
798 1385 958 1448 deserimus
981 1388 1042 1452 Jor.
1066 1388 1221 1468 Scaligero
1233 1386 1296 1465 *⁸),
1322 1387 1434 1468 qnippe

211 1471 344 1557 quicum
362 1492 469 1553 magno
487 1470 661 1534 eruditionis
680 1483 824 1552 apparatu
850 1481 988 1546 ueterem·
1005 1477 1041 1541 de
1073 1475 1127 1538 25.
1151 1474 1299 1541 decembri
1327 1472 1436 1554 proili-

211 1569 315 1642 gasset
331 1559 507 1641 opinionem,
525 1569 628 1620 nouam
645 1556 675 1618 in
694 1559 759 1639 ejus
775 1558 871 1636 locum
889 1582 948 1622 non
964 1563 1171 1643 conjecturam,
1181 1564 1234 1624 sed
1249 1568 1282 1624 ut
1298 1561 1365 1642 ipse
1375 1581 1435 1621 nc-

210 1648 302 1712 nina
318 1645 595 1708 demonstrationem
607 1644 814 1725 suppeditavit,
831 1648 1045 1728 qnaChairtum
1062 1661 1160 1712 natum
1178 1649 1208 1710 ia
1227 1647 1284 1710 fine
1300 1657 1435 1729 septem-

211 1735 275 1810 bris
293 1733 339 1797 rel
356 1733 440 1796 initio
457 1731 585 1795 octobris
610 1731 745 1794 euincere
762 1732 885 1811 laborat,
908 1735 984 1798 diem
1004 1736 1080 1798 enim
1104 1735 1224 1800 definire
1248 1755 1308 1796 non
1334 1737 1435 1813 audet,

212 1823 265 1884 sed
283 1821 414 1900 ingenue
428 1820 547 1896 latetur,
574 1819 653 1880 hunc
669 1820 847 1884 constituere
865 1821 1081 1886 nonhominnm
1097 1844 1173 1900 esse,
1188 1825 1240 1886 sed
1263 1822 1434 1886 nninsllei.

209 1979 215 1986 ,
301 1907 357 1970 list
373 1916 470 1970 autem
487 1904 744 1968 demonstrationis
760 1905 986 1987 Scaligeriauae
1004 1910 1077 1972 ratio
1094 1912 1184 1974 haec:
1220 1911 1243 1973 l.
1261 1909 1389 1972 Ordines
1407 1930 1432 1972 s.

214 1994 358 2068 stationes
366 1996 550 2070 acerdotum
560 1991 629 2072 ***),
647 2002 799 2073 postquam
816 1995 894 2057 ultra
909 1995 1065 2060 triennium
1083 2007 1230 2062 cessasset
1246 1996 1345 2058 cultus
1357 2017 1434 2078 qno-

213 2080 392 2144 tidianns'in
408 2079 614 2161 persecutione
630 2078 776 2157 Antiochi,
799 2082 953 2146 restitutae
970 2095 1039 2147 sunt
1057 2106 1076 2148 a
1099 2087 1176 2148 luda
1192 2085 1434 2166 Maccabaeo†),

211 2165 252 2232 ll.
268 2167 366 2230 Fuere
383 2175 480 2230 antem
497 2165 601 2246 viginti
619 2174 744 2246 quatuor
760 2172 944 2232 sacerdotnm
961 2172 1177 2251 lamiliae††);
1195 2191 1317 2252 quarn·
1330 2181 1435 2234 octana

149 2249 153 2259 ¹
212 2255 270 2318 luit
286 2253 477 2334 Abiae†††l.
492 2317 499 2328 ,
513 2251 681 2333 Unicuique
700 2247 831 2318 sarciliae
849 2257 975 2340 praefuit
990 2260 1128 2341 princeps
1137 2260 1187 2334 †*)
1205 2260 1256 2322 lll.
1274 2257 1436 2336 Quaelibet

126 2396 137 2408 .
210 2341 327 2408 lamilia
351 2362 404 2424 per
426 2350 538 2423 septem
564 2341 627 2402 dies
650 2340 744 2404 sacris
770 2347 981 2424 operabatnra
1002 2348 1124 2410 sabbato
1140 2349 1177 2408 ad
1192 2348 1346 2408 sabbatum
1356 2347 1434 2426 †**)‚

70 2488 73 2499 ,
188 2499 193 2514 ἱ
212 2429 255 2492 ita
270 2439 304 2495 ιιι
319 2449 372 2512 per
390 2429 462 2492 168.
480 2427 542 2508 dies
559 2423 747 2508 singularum
763 2429 940 2496 familiarum
966 2433 1078 2496 lunatio
1093 2434 1124 2496 in
1142 2436 1242 2496 orbem
1259 2443 1434 2496 recurreret.

212 2516 263 2582 lv.
282 2516 306 2577 Δ
324 2526 453 2598 tempore
468 2517 562 2578 dudae
581 2515 756 2581 Maccabaei
772 2539 867 2599 usqua
884 2522 920 2582 ad
939 2521 1158 2602 conceptionem
1174 2520 1314 2582 lobannis
1332 2520 1433 2600 bapti-

210 2612 278 2670 stae
302 2601 386 2663 nulla
408 2601 587 2664 intermissio
612 2600 774 2664 functionis
798 2604 900 2666 barum
931 2607 1107 2670 familiarum
1132 2608 1188 2670 lnit
1213 2627 1265 2670 nee
1299 2627 1432 2687 unquam

214 2687 322 2748 diurna
339 2687 486 2748 sacrificia
503 2697 668 2763 cessarunt,
686 2687 750 2748 sive
766 2710 819 2768 per
838 2689 1051 2777 bellasiveper
1067 2696 1123 2758 rim
1140 2695 1238 2767 aliam,
1253 2693 1312 2756 nisi
1328 2714 1433 2756 mense

158 2850 161 2856 .
209 2769 289 2854 julio
306 2771 396 2853 paulo
413 2781 480 2834 ante
498 2784 611 2854 captam
628 2774 731 2836 urbem
754 2795 807 2854 per
823 2777 925 2840 'l'itum
947 2781 1175 2866 Vespasianum.
1205 2783 1292 2860 Quod
1316 2802 1354 2842 ex
1378 2783 1433 2843 lo·
1471 2775 1472 2778 '

214 2859 308 2940 sepho
325 2861 452 2940 probare
470 2858 619 2922 contendit
635 2858 785 2940 Scaliger.
816 2864 975 2948 Nunquam
993 2868 1078 2932 etiam
1098 2870 1206 2932 classis
1225 2889 1286 2931 nna
1302 2868 1433 2932 iunctio-

214 2967 282 3010 nem
306 2945 433 3014 alterius,
452 2943 559 3009 classis
586 2945 762 3026 praeripuit,
789 2948 819 3012 id
843 2952 920 3014 enim
944 2957 1001 3017 snb
1018 2977 1114 3038 poena
1130 2957 1234 3038 capitis
1250 2943 1433 3018 inlerdictnm

213 3033 309 3096 fuisse
326 3055 363 3096 ex
379 3031 499 3113 antiquo
515 3035 692 3098 ludaeorum
706 3035 774 3116 jure
792 3041 941 3118 probatur.
971 3043 1007 3108 ι’.
1043 3043 1160 3110 Primae
1185 3043 1278 3118 clapsi
1298 3063 1324 3106 s,
1344 3042 1433 3106 fami.

210 3119 273 3188 liae
290 3118 401 3199 tojam
410 3118 507 3198 †**·),¹
520 3121 607 3201 cnjus
625 3119 691 3200 ipsa
706 3121 798 3185 ludas
815 3125 1017 3192 Maccabaens
1034 3135 1175 3196 sacerdos
1190 3131 1263 3209 init,
1281 3152 1319 3194 ox
1337 3130 1433 3212 prisco

208 3247 465 3268 m

208 3355 211 3358 ,
273 3301 312 3382 fl)
331 3301 380 3356 llbi
404 3307 474 3386 enim
497 3306 516 3358 Ι.
542 3322 565 3358 c.
587 3324 613 3375 p.
634 3305 695 3364 aaa.
724 3309 805 3364 dixit:
831 3315 1013 3380 γεννηθέντος
1035 3312 1091 3386 γὰρ
1109 3313 1278 3386 adrci'nrpl
1296 3311 1346 3369 τὸν
1367 3312 1452 3379 Yam,

213 3387 349 3458 roquroy.
372 3389 448 3442 μηνιι
473 3378 595 3460 apotecas
614 3393 676 3460 apol
697 3373 770 3430 barb
787 3379 871 3434 εἰδῶν
889 3379 1096 3452 ’sarracenisca
1123 3387 1209 3440 addit:
1228 3381 1297 3438 κατὰ
1315 3379 1435 3454 Σύρους,

212 3441 463 3566 qiganqmssqllhqqqqq
482 3443 640 3569 nssqqleqqlqv
657 3443 830 3580 thqqorquqqo
849 3453 904 3521 ipso
926 3456 993 3574 nqqud
1014 3453 1093 3575 {pros
1114 3463 1191 3524 atqua
1212 3458 1276 3508 adeo
1296 3455 1436 3508 Antioche·

633 3551 640 3566 .
708 3555 714 3568 .
790 3537 852 3578 rum
874 3537 931 3574 essa
967 3539 1034 3578 oce.

283 3580 330 3646 **)
353 3580 417 3635 Gau.
434 3582 503 3646 lang.
525 3583 571 3634 lib.
591 3586 618 3638 3.
639 3584 728 3638 adnot.
751 3593 810 3641 101.
831 3593 891 3643 102.
911 3592 943 3642 dc
960 3593 1061 3644 emend.
1081 3599 1158 3661 temp.
1179 3593 1226 3646 lib.
1245 3595 1273 3649 6.
1300 3593 1435 3662 appendix
1468 3651 1470 3654 ,

213 3649 314 3702 amand.
336 3656 415 3719 temp.
435 3668 461 3720 p.
480 3649 578 3704 XLlX.

283 3715 350 3784 ***)
373 3716 522 3787 irpqprrptar
543 3728 670 3774 vocantur
688 3722 756 3790 apud
774 3721 871 3776 Luca'm
893 3731 918 3792 1,
936 3717 962 3783 5.
981 3731 1019 3798 8,;
1036 3691 1167 3798 ¹losephns
1184 3727 1303 3801 actarde
1320 3733 1435 3786 numinai

151 3805 155 3814 ι
213 3781 274 3836 Ant.
300 3783 361 3836 dud.
378 3793 404 3850 7,
428 3791 470 3846 15.
490 3786 576 3854 (Tam.
597 3792 624 3848 Ι.
644 3805 669 3854 p.
687 3790 750 3845 ⁴08.
769 3791 812 3842 ed.
834 3793 959 3860 llorere.)
1166 3813 1168 3818 ’

282 3853 317 3918 †)
339 3858 351 3905 ι
372 3852 455 3910 blanc.
475 3857 502 3921 4,
516 3857 550 3910 42
580 3871 619 3923 sq.
637 3855 743 3926 Jorsph.
762 3858 823 3911 act.
839 3855 898 3914 lud.
921 3870 962 3930 ιι,
981 3871 1007 3920 7.
1027 3884 1053 3936 p.
1073 3869 1203 3934 616-17,
1223 3869 1267 3920 nbi
1286 3867 1318 3918 da
1337 3869 1436 3920 instau-

214 3918 437 4054 qngqqeleqqqqqqq
456 3925 554 3993 templi,
576 3925 646 3976 nnlln
665 3933 751 3978 tamen
769 3930 942 4040 restitutionis
961 3935 1077 3990 ordinum
1090 3937 1288 3990 sacerdotalium
1304 3935 1435 3989 mentione

285 4057 340 4124 ιι)
362 4061 376 4110 ι
397 4059 492 4112 caron.
514 4058 558 4114 aa.
580 4063 605 4114 a.
627 4059 723 4116 t-rs.

211 4157 214 4162 ·
244 4143 248 4150 ·
286 4125 361 4192 †††)
382 4130 396 4179 1
418 4127 513 4180 Chron.
534 4127 577 4182 24.
599 4131 641 4184 10.

282 4211 330 4278 †*)
360 4207 604 4296 dicuuturuntatqtp
621 4205 698 4296 *39⁸2
733 4215 840 4300 Nollem.
867 4225 909 4288 12,
930 4188 978 4278 12.
997 4223 1064 4293 apud
1090 4223 1272 4292 Evangelistas
1292 4222 1431 4300 ἀρχιερεῖς.

214 4275 299 4334 Lxx.
319 4289 453 4334 nominant
478 4297 609 4349 αρχοντες
625 4298 682 4337 των
699 4300 825 4355 πατριων
843 4289 862 4340 l.
882 4305 905 4342 c.
1145 4325 1155 4340 ·
1293 4327 1295 4332 ,

171 4368 175 4380 ¹
284 4347 507 4412 †**)1cmon.
529 4352 618 4408 9025.
832 4382 860 4416 ·,

205 4425 208 4436 ’
281 4415 517 4485 †***)1clmn.
538 4417 816 4492 24,7·1ldacc.2,
838 4428 863 4480 1.
884 4429 911 4494 3,
934 4430 959 4482 1.
1006 4493 1014 4505 ,
