2944 4904
139 227 150 234 ”
220 257 284 326 m
400 311 403 320 ,
734 247 944 316 (hhl’ionclr

219 437 314 496 aetate
329 428 361 488 in
376 426 486 490 honore
501 379 603 486 haberi
619 429 762 504 coeptum,
778 426 832 487 sed
847 423 938 504 longo
951 422 1013 504 jan
1030 403 1301 504 temporohabiturn
1317 423 1466 488 evincit.

220 516 297 596 Quis
314 513 390 578 enim
406 511 462 576 sibi
477 510 665 594 persuaserit,
683 530 787 574 noram
805 531 841 572 ac
857 511 989 591 ignotam
1006 518 1093 592 antea
1115 505 1332 576 sollennitatom
1351 533 1467 575 accr-

106 619 112 630 '
219 604 342 669 hissino
358 612 487 692 tempore
498 598 528 659 in
540 595 707 660 christianis
725 597 859 661 coetibus
876 596 971 660 fnisse
987 595 1158 678 institutam,
1176 616 1241 658 com
1259 619 1328 662 vero
1346 598 1463 682 longe

220 691 347 756 similius
358 689 406 766 sit,
424 706 476 752 eos
493 685 630 748 usitatam
648 685 734 748 etiam
749 696 779 748 at
797 682 920 768 periculi
937 682 1055 766 plenam
1070 683 1102 744 in
1117 683 1174 746 istc
1190 705 1289 770 rernm
1305 695 1395 750 statu
1417 709 1464 752 ac

220 776 387 842 discrimine
403 773 498 835 luisse
515 772 686 852 omissuros,
703 771 931 854 nisiantiqnitns
950 771 1082 834 traditam
1093 769 1182 832 nimis
1199 779 1302 836 sancte
1318 773 1462 840 coluis-

220 866 306 930 senti
321 865 354 924 ld
371 882 439 924 vero
456 859 551 940 magis
568 860 653 922 etiam
670 869 699 922 ct
714 858 824 922 clarius
840 879 858 922 a
874 860 1082 941 Chrysostomo
1098 857 1295 938 confirmatur,
1312 862 1368 943 qni
1398 863 1461 924 di·

221 952 308 1016 sertis
325 947 425 1012 re‘rbis
436 947 510 1010 diem
526 947 615 1009 istum
631 946 757 1008 uamlem
774 946 883 1009 Christi
900 946 1050 1030 antiquum
1063 948 1218 1008 admodunr'
1235 959 1264 1009 et
1278 958 1461 1028 vetustum,

220 1047 249 1102 ct
263 1039 325 1120 jam
341 1035 409 1096 inde
425 1033 610 1116 aprimordio
627 1033 763 1096 omuibus
779 1033 1011 1098 Christianorum
1029 1032 1162 1096 coetibus
1178 1036 1216 1096 ab
1232 1035 1297 1116 ipsa
1306 1036 1462 1100 Thracia

221 1125 320 1188 Gades
335 1141 431 1203 nsque
446 1120 643 1184 incolentibus
660 1121 846 1184 manifestam
864 1127 893 1182 et
909 1119 1053 1184 celebrem
1070 1119 1166 1183 fnisse
1188 1122 1296 1184 asserit
1304 1119 1346 1205 *).
1383 1125 1461 1186 Po-

218 1231 324 1276 nanus
342 1209 419 1272 enim
435 1216 464 1270 et
480 1209 676 1272 concedamus
693 1208 789 1286 etiam,
815 1209 1021 1290 chrysostomo
1047 1207 1079 1270 in
1095 1206 1153 1270 hoc
1169 1207 1236 1292 loco
1260 1207 1458 1276 sollennita-

220 1311 278 1362 tem
298 1298 386 1379 hujus
404 1295 463 1358 diei
478 1295 544 1358 ideo
562 1303 670 1380 tantum
689 1295 889 1376 perantiquam
900 1295 993 1358 luisse
1008 1295 1113 1376 visan,
1130 1296 1282 1376 quoniam,¹
1293 1318 1355 1378 qno
1366 1309 1456 1362 tern-

220 1408 291 1470 pore
307 1385 439 1447 instituta
455 1392 544 1460 esset,
558 1382 733 1463 ignorabam
764 1393 794 1446 at
807 1383 835 1444 'si
852 1385 1006 1446 credamus
1023 1381 1146 1459 saltem,
1166 1385 1244 1464 quod
1262 1384 1345 1446 credi
1363 1398 1457 1450 certe

219 1475 266 1536 ias
290 1482 353 1548 est,
379 1491 443 1534 eam
468 1470 670 1552 chrysostomi
694 1491 767 1533 aevo
789 1469 924 1533 omnibns
941 1470 1173 1534 Christianorum
1190 1470 1325 1534 coetibus
1344 1473 1456 1538 luisse

219 1579 411 1636 communem,
428 1557 589 1640 antiquitas
599 1557 685 1620 etiam
694 1557 855 1620 institutam
863 1559 1017 1620 credamus
1032 1577 1159 1620 necesse
1173 1567 1228 1635 est,
1246 1559 1316 1640 qnia
1332 1579 1455 1625 recens

138 1695 140 1700 .
218 1648 384 1710 introducta
401 1642 508 1724 religio
525 1643 576 1708 vix
591 1643 668 1706 intra
685 1644 772 1708 unius
788 1643 882 1707 seculi
900 1643 1026 1725 spatium
1042 1645 1073 1706 in
1088 1644 1165 1706 locis
1182 1646 1263 1706 adeo,
1280 1645 1400 1710 dissitis
1422 1660 1454 1712 ct

217 1734 338 1798 remotis
355 1731 446 1814 recipi
462 1741 575 1813 poterat
598 1753 634 1794 ac
657 1731 793 1796 stabiliri.
823 1732 966 1810 Quamvis
990 1740 1087 1794 autem
1109 1753 1146 1794 ex
1169 1730 1234 1794 istis
1259 1733 1452 1810 testimoniis

218 1829 298 1884 recte
323 1818 458 1884 concludi
484 1818 593 1900 possit,
622 1839 680 1880 uon
704 1822 759 1881 sub
779 1819 855 1881 tertii
880 1821 994 1884 denum
1011 1818 1104 1882 secali
1121 1818 1207 1880 finem
1223 1818 1396 1884 institutum
1415 1819 1452 1884 in'

219 1908 347 1974 ecclesia
361 1906 468 1982 inisse,
484 1914 516 1966 ut
531 1906 671 1968 memoria
687 1906 747 1968 nati
758 1906 924 1968 Servatoris
941 1915 1016 1968 stato
1033 1905 1081 1967 die
1098 1905 1310 1984 celebraretur,
1324 1907 1379 1971 vix
1397 1922 1451 1972 ta-

217 2017 285 2058 men
302 1995 366 2056 sine
383 1994 412 2056 ri
428 1993 528 2074 aliqua
544 1992 674 2056 adhibita
688 1991 761 2055 illud
780 1993 914 2070 efficient,
930 2001 963 2054 ut
980 1992 1124 2073 originem
1141 1992 1266 2056 instituti
1281 1994 1362 2058 intra
1380 2018 1449 2059 sec.

216 2083 255 2145 11.
271 2080 345 2143 lines
361 2079 450 2142 liceat
465 2079 625 2142 retrahere.
648 2079 725 2144 Sunt
734 2082 814 2142 adeo
831 2078 991 2157 nonnulla,
1016 2100 1092 2161 quac
1110 2082 1286 2162 argumenti,
1303 2085 1386 2167 qnod
1407 2093 1450 2147 ex

217 2165 279 2230 illis
296 2165 454 2248 colligitur,
470 2187 589 2230 nervum
607 2189 664 2230 non
682 2185 785 2248 parum
802 2167 936 2230 ridentur
950 2167 1138 2230 labefactare.
1165 2167 1320 2231 Habemus
1340 2169 1448 2234 locum

217 2253 378 2336 Augustini
388 2254 449 2334 ‘*),
474 2275 512 2316 ex
535 2276 592 2336 quo
617 2273 744 2334 magnus
771 2254 860 2316 dubio
875 2255 959 2318 locus
974 2255 1082 2331 oritur,
1105 2276 1174 2316 num
1190 2255 1221 2316 in
1238 2255 1303 2338 ipso
1321 2277 1386 2322 sec.
1406 2260 1447 2324 V.
1468 2335 1469 2340 η

219 2342 284 2406 dies
301 2339 583 2404 natalisServatoris
602 2340 782 2424 peromnem
800 2341 953 2407 ecclesian
970 2342 1059 2404 fuerit
1075 2339 1270 2416 celebratus't.
1281 2343 1447 2408 Habemus

218 2429 309 2492 aliurn
327 2428 485 2510 Nicephori
502 2450 561 2492 nun
577 2427 672 2492 levem
688 2428 813 2494 indicem
823 2474 832 2504 ,
849 2429 925 2492 diem
942 2429 1029 2490 istum
1047 2428 1154 2492 tustini
1173 2433 1287 2493 dearum
1303 2431 1446 2513 impera-

218 2505 292 2579 toris
309 2537 381 2579 aevo
398 2515 474 2578 inter
488 2515 670 2580 universalia
695 2517 839 2578 ecclesiae
865 2516 942 2578 festa
964 2515 1059 2578 fuisse
1083 2517 1287 2598 rotatum***).
1322 2517 1447 2584 Omnes

218 2602 526 2682 praetcreatemporis,
542 2623 643 2664 omnes
659 2611 764 2678 status,
780 2603 811 2664 in
830 2624 887 2684 qno
902 2603 1061 2673 Christiani
1079 2625 1132 2684 per
1149 2624 1210 2668 sec.
1218 2603 1255 2666 11.
1272 2605 1445 2687 degebant,

217 2688 349 2750 rationes
366 2687 483 2770 minime
499 2689 676 2767 permittant,
693 2695 725 2749 ut
741 2688 802 2750 illis
819 2711 912 2754 norae
929 2690 1126 2753 sollemnitatis
1144 2689 1249 2772 religio
1261 2691 1447 2774 conjectura

217 2783 367 2856 uanaque
395 2771 555 2836 verosimili
579 2773 674 2855 possit
689 2774 835 2851 adscribi,
864 2799 929 2840 cum
954 2800 991 2840 ex
1013 2777 1106 2840 altera
1129 2789 1211 2859 parte
1236 2780 1358 2842 eaedem
1376 2803 1444 2844 non

218 2863 362 2926 suadeant
377 2857 476 2922 solum
489 2862 540 2922 sed
550 2863 747 2941 persuadeant
762 2862 858 2940 ctiam,
875 2874 907 2926 at
922 2865 971 2927 isti
989 2865 1094 2946 potius,
1113 2866 1235 2946 quaein
1253 2887 1314 2930 sec.
1325 2867 1378 2929 ΙΙΙ.
1389 2869 1442 2930 in-

219 2949 298 3026 cidit,
318 2947 406 3012 aetati
423 2947 611 3027 assignetur,
636 2968 711 3030 qnae
735 2971 788 3030 per
812 2949 944 3032 integros
968 2960 997 3014 et
1014 2952 1074 3016 lere
1098 2953 1314 3034 quinquaginta
1339 2975 1441 3020 annos

217 3035 309 3098 nullis
325 3033 578 3116 persecutionibus
596 3038 720 3113 turbata,
736 3037 767 3098 in
783 3037 941 3120 tranquillo
957 3060 1055 3102 rerum
1078 3060 1200 3104 suarum
1223 3038 1304 3104 statu
1327 3061 1441 3106 vacare

219 3121 314 3184 sacris
340 3120 403 3182 suis
428 3130 456 3182 et
488 3123 524 3184 dc
547 3122 631 3186 noris
658 3123 744 3186 etiam
767 3125 908 3189 addendis
932 3146 1037 3190 curare
1064 3137 1185 3207 poterat.
1203 3128 1317 3191 .Eccai
1342 3129 1443 3210 igitur

216 3207 338 3288 iniquus
354 3205 498 3268 videbitur
510 3209 615 3290 jadex,
631 3211 682 3292 qni
697 3213 851 3292 perpensis
874 3213 939 3276 istis
958 3215 1094 3276 omnibus
1118 3225 1207 3297 atque
1232 3217 1370 3298 repensis
1396 3219 1442 3280 ita

217 3292 463 3376 pronunciaverit,
480 3295 623 3375 originem
639 3295 707 3360 festi
734 3300 891 3364 memoriae
915 3301 975 3364 nati
994 3302 1159 3366 Servatoris
1185 3304 1351 3368 consecrati
1375 3325 1441 3368 nan

217 3379 298 3446 ultra
313 3381 426 3444 initium
443 3403 503 3444 sec.
521 3382 571 3447 lll.
587 3383 791 3449 retrahendam
808 3387 924 3456 rideri?

303 3469 386 3533 Haec
410 3461 473 3532 lere
497 3482 580 3549 sunt,
607 3494 682 3554 quae
699 3473 778 3538 cirea
795 3475 938 3556 originem
954 3475 1022 3538 festi
1039 3486 1067 3538 et
1091 3496 1190 3540 veram
1206 3477 1272 3558 ejus
1290 3479 1439 3560 epocham

218 3579 255 3620 ex
271 3557 406 3620 omnibus
422 3559 486 3620 aeri
502 3558 591 3640 hujus
607 3561 788 3624 documentis
815 3563 879 3624 erni
897 3573 1052 3644 potnerunt
1067 3573 1154 3645 atque
1171 3565 1315 3646 conquiri.
1349 3565 1390 3628 At
1406 3568 1439 3628 in

217 3643 276 3707 alio
293 3645 388 3708 adhuc
402 3643 469 3706 loco
486 3643 545 3707 alia
560 3645 607 3708 hic
623 3648 723 3710 haeret
739 3647 908 3728 difficultas,
923 3649 954 3712 in
971 3650 1037 3732 ipso
1055 3650 1190 3712 nimirum
1207 3651 1265 3730 die,
1284 3673 1372 3734 quem
1384 3676 1437 3732 sa-

95 3785 99 3790 .
218 3753 300 3794 cram
317 3753 383 3795 csse
399 3727 467 3794 huic
483 3733 677 3796 recordationi
696 3735 780 3816 primi
797 3745 933 3801 auctores
949 3737 1062 3800 institui
1078 3737 1233 3816 voluerint.

302 3819 413 3884 Omnes
429 3821 557 3884 omnium
573 3821 700 3904 partium
716 3823 874 3906 scriptores
890 3847 950 3889 uno
968 3847 1018 3890 ore
1030 3825 1227 3904 consentiunt,
1244 3826 1357 3892 festum
1374 3828 1436 3891 nati

286 4110 317 4196 *)
336 4105 394 4196 yid.
413 4111 589 4193 dhrysostom.
610 4107 683 4166 som.
713 4120 757 4169 st.
787 4116 950 4201 -Urrotuai'
965 4117 1013 4170 aad
1042 4113 1143 4188 ἀρχαία
1171 4117 1228 4171 duct
1245 4119 1295 4170 καὶ
1317 4114 1437 4172 ιἄνωθεν

216 4180 274 4238 τοῖς
291 4195 348 4231 nno
370 4179 532 4252 Opcapclprt
549 4199 582 4255 pa
594 4181 737 4250 Γαδείρων
756 4185 864 4238 οἴκοισι
880 4187 1035 4252 accedatur
1052 4189 1100 4240 aot
1119 4187 1256 4256 ἐπίσημος
1272 4189 1383 4256 γέγονε.

281 4245 333 4309 Μ)
351 4243 380 4298 lu
408 4247 457 4314 Ep.
477 4251 510 4300 ad
527 4201 637 4304 lannsr.
665 4252 731 4320 0pp.
762 4251 793 4306 Τ.
813 4256 845 4309 11.
866 4258 907 4309 ed.
928 4255 1062 4309 Benedict.
1080 4275 1106 4325 p.
1124 4260 1169 4312 93.
1206 4257 1255 4308 iiic
1276 4257 1435 4310 enim-testu

157 4325 160 4332 '
216 4328 379 4378 enumerans,
397 4331 462 4382 quac
484 4317 516 4367 ab
536 4320 667 4385 universe,
687 4337 838 4391 quacunque
858 4341 886 4378 se
904 4325 1039 4393 diffundit,
1057 4325 1168 4379 ccclesia
1187 4325 1366 4392 celebrantur,
1385 4341 1435 4376 nn·

215 4385 294 4439 tttlcm
313 4385 409 4438 Christi
427 4384 530 4436 silentio
549 4390 711 4440 transmittit.

283 4451 343 4538 m)
360 4451 420 4510 viu.
438 4451 546 4523 Nicepb.
567 4455 598 4508 ir.
618 4460 669 4514 170
680 4471 737 4529 cap.
756 4465 800 4519 28·
