2916 4904
8 231 11 362 λ
217 309 253 372 to
282 305 343 372 diei
365 309 443 373 dom.
461 324 515 404 ¹ap.
537 297 595 372 iot.
621 295 806 372 &ardanna
832 306 1040 374 celebratione.
1192 305 1236 377 78
1293 265 1295 274 Ι

22 483 82 545 dies
106 468 377 564 ifliqniconstitnti
401 493 480 562 snm,
503 491 536 546 itt
557 483 589 545 in
610 499 699 545 amis
717 503 819 546 omncs
836 484 946 566 pariter
961 484 1137 549 veniremus.
1168 485 1237 549 lion
1289 509 1307 534 ν

24 593 78 652 qno
96 570 245 632 celebrior
258 571 297 633 sit
313 571 378 633 dies
395 571 456 647 illa,
474 589 532 653 qna
547 570 756 644 mnvenimnsr
772 575 827 634 sed
843 591 900 653 qno
918 589 1092 654 quacunque
1105 573 1153 634 die
1165 593 1237 634 con-

24 659 197 720 veniendam
224 657 280 735 eit,
306 675 345 720 ert
374 666 533 740 consperto
555 667 655 720 mntrro
679 658 789 721 laetitia
811 661 905 741 major
930 660 1049 721 oriatur.
1093 659 1237 738 Quinem

26 746 176 827 oppositae
190 745 356 827 qnaestioni
372 745 539 808 accuratius
555 749 736 826 respondero
751 756 882 822 conatar,
899 745 976 808 iliud
989 747 1123 822 afirmat,
1138 767 1238 810 ornnes

26 834 82 895 aies
108 833 254 914 munies
272 853 338 896 esse
362 851 417 896 aee
439 852 493 916 per
511 851 689 915 parasceven
706 843 815 896 tantam
833 833 983 896 mascam
999 834 1130 914 crucifigi
1149 843 1177 897 et
1192 835 1238 897 die

26 921 171 983 dominica
186 931 353 1000 resurgere,
371 924 423 983 scd
440 939 557 1002 semper
573 939 639 982 carn
656 938 744 982 carne
762 921 841 983 nesci
858 921 1021 997 dominica3
1050 921 1164 1002 jejunia
1182 943 1238 984 au-

28 1021 77 1069 tem
96 1016 127 1070 et
145 1008 395 1088 congregationes
416 1008 493 1072 inter
509 1008 573 1070 dies
591 1018 708 1090 propter
724 1027 776 1070 ens
793 1029 811 1070 a
827 1009 899 1070 siris
918 1009 1110 1090 prudentibus
1127 1009 1239 1072 corasti-

28 1101 115 1171 tntas¹‚
144 1095 201 1177 qai
224 1093 319 1176 rengis
344 1095 445 1158 seculo
468 1105 589 1173 vacant,
615 1112 702 1177 quarn
727 1097 799 1174 ileo,
823 1115 878 1158 neo
894 1105 1033 1178 possunt,
1060 1096 1119 1157 imo
1137 1097 1239 1158 nolunt

29 1193 82 1244 toto
100 1185 130 1244 in
149 1181 281 1244 ccclesia
296 1182 376 1246 sitae
399 1191 473 1245 sueto
488 1191 617 1266 tempora
642 1183 820 1264 congregari
844 1193 871 1245 et
896 1193 964 1245 aitte
986 1181 1130 1245 barnoinus
1155 1193 1239 1246 actas

30 1273 89 1333 ileo
113 1270 282 1332 orationum
299 1269 545 1332 suarum-offerre
563 1269 751 1334 sacrificinm.
793 1271 910 1347 Quotus
934 1269 1009 1332 enim
1036 1269 1162 1352 quisquc
1185 1280 1239 1350 est,

31 1357 73 1438 qni
90 1359 199 1420 saltent
215 1357 291 1420 baec
306 1375 411 1440 pauca,
429 1378 504 1439 qnae
522 1365 633 1419 sbttnta
654 1366 733 1434 sunt,
759 1355 927 1419 coinrandi
949 1369 1079 1438 tempora
1100 1357 1143 1419 rel
1159 1357 1239 1439 jeju-

30 1445 122 1518 nandi,
140 1443 437 1526 sempor‘exetceatl
469 1447 571 1526 linono
595 1446 674 1530 sient
700 1445 788 1505 nobis
805 1444 882 1519 licet,
905 1444 951 1508 vel
974 1445 1110 1526 jejunare
1125 1463 1240 1527 semper

29 1533 67 1594 rel
83 1540 208 1610 semper
222 1550 307 1595 crare
323 1543 351 1594 et
368 1531 443 1595 diem
461 1533 635 1594 domiminum
652 1539 773 1613 accepto
788 1531 905 1595 Domini
931 1551 1052 1614 corpore
1069 1531 1240 1594 indesinen-

30 1629 69 1680 ter
82 1620 239 1682 celebrare
255 1620 472 1700 gandentibnsr
495 1633 554 1681 non
570 1620 612 1682 ita
629 1631 656 1681 ct
672 1619 796 1682 Judaeis
811 1619 859 1680 ias
878 1629 923 1682 est
944 1619 1022 1680 omni
1039 1629 1167 1702 temporo
1182 1619 1240 1681 im·
1347 1639 1356 1650 ·

29 1709 268 1787 maiarettgnnm‚
285 1714 473 1788 pentecosten
489 1725 588 1784 apere,
605 1708 795 1768 tabernacula
812 1707 912 1786 ligere,
926 1707 1064 1788 jejunare
1082 1707 1241 1788 qnotidie.“

100 1794 314 1875 apostolatum
341 1795 431 1874 igitar
457 1795 590 1856 doctrina
612 1797 648 1856 tle
665 1801 754 1870 certa,
779 1814 854 1876 (puae
871 1795 900 1854 in
916 1787 1024 1855 ritnatn
1042 1794 1241 1874 laetorumque

28 1881 211 1944 institutione
228 1889 256 1944 ei
273 1882 467 1957 abrogatione
479 1883 620 1958 cerititnr,
635 1881 869 1943 Christianorum
886 1881 1022 1943 libertate
1039 1882 1124 1943 etiam
1143 1893 1242 1962 postc-

27 1970 111 2031 rioris
130 1967 198 2031 aeni
213 1969 348 2050 patribus
366 1989 507 2050 perquam
522 1977 642 2049 acceptet
659 1967 726 2030 init:
763 1968 908 2045 Attamen,
934 1986 1023 2050 quum
1040 1967 1091 2028 iiio
1115 1979 1242 2048 tompore
1279 2007 1283 2013 ·

28 2055 117 2118 multa
130 2056 209 2118 lanta
224 2057 391 2136 matresque
407 2057 482 2119 ritus
497 2055 643 2118 institutos
661 2072 774 2136 eosque
791 2057 828 2117 ab
844 2055 979 2118 omnibns
995 2053 1058 2118 tere
1066 2049 1243 2118 Christiani

30 2143 125 2206 anxio
140 2143 334 2224 ot'ireligioso
362 2147 534 2206 oasematos
558 2145 627 2206 osse
644 2153 767 2219 nosmet,
783 2143 814 2203 in
832 2153 966 2225 promptu
983 2147 1037 2219 est,
1056 2162 1091 2205 nc
1109 2142 1243 2205 celeber-

29 2231 164 2293 rimorum
195 2231 313 2310 quidem
337 2231 465 2294 nirornen
493 2234 529 2293 do
552 2231 599 2292 iris
622 2233 713 2292 rebus
732 2230 876 2312 judicium
900 2229 1012 2308 abacia
1028 2231 1058 2291 in
1077 2229 1243 2310 aequalium

30 2318 139 2380 animos
158 2319 304 2400 potuisset
337 2319 381 2380 ita
397 2318 529 2395 forsitan,
548 2318 592 2378 sic
608 2318 706 2392 dicere
722 2317 818 2398 possit
834 2317 989 2398 quispiam,
1006 2317 1091 2378 etiam
1103 2316 1132 2377 in
1146 2315 1244 2378 ecele-

29 2405 75 2466 sia
92 2403 253 2486 apostolica
275 2421 326 2468 ‘res
347 2423 418 2468 sese
443 2401 588 2468 lrabnerit'.
621 2405 695 2476 Nam
721 2403 860 2464 docuisse
884 2401 1041 2484 Apostolos
1068 2401 1183 2479 quidem
1208 2403 1244 2462 dc

30 2491 164 2554 libertate
186 2492 239 2556 illa
263 2491 405 2573 aequales
430 2504 503 2555 snos
526 2500 586 2552 noa
604 2493 770 2570 negandam
796 2499 849 2564 est,
873 2492 927 2550 scd
944 2489 1009 2570 plns
1027 2488 1149 2550 lorsitan
1167 2490 1245 2568 apud

32 2581 79 2640 ios
106 2579 556 2660 cerimoniarumleotornmtpno
583 2587 665 2640 amor
680 2594 768 2656 qnam
791 2575 910 2638 illorum
934 2575 1093 2653 auotoritas
1110 2573 1245 2638 varlaerit.

33 2667 107 2746 Ergo
126 2686 166 2729 ex
185 2667 245 2730 is'ta
271 2665 633 2750 apostolornm‘doctrina
654 2685 714 2726 noa
739 2664 938 2745 consequitor,
963 2662 1149 2725 Christianos
1167 2662 1237 2725 anti-

34 2755 180 2832 quissimis
196 2750 258 2817 illis
275 2755 453 2838 temporibus
469 2754 546 2817 festa
569 2766 627 2815 non
653 2753 751 2831 egisse
768 2771 878 2832 eosque
894 2752 969 2814 dlenr
996 2749 1170 2812 donintona
1188 2768 1247 2810 non

35 2844 216 2918 celebrasset
238 2842 311 2925 auin
329 2843 425 2924 potins
442 2842 533 2923 autes
550 2841 592 2904 rei
608 2840 776 2902 firmissima
802 2839 988 2920 reperiuntur
1003 2838 1034 2898 in
1050 2838 1135 2899 liaris
1153 2838 1190 2900 N.
1206 2835 1247 2900 Τ.

35 2931 164 3011 vestigia.
191 2928 338 3006 Qnilaao
362 2938 528 3008 sequnntur
544 2929 720 3010 opinionem,
745 2929 818 2988 aneo
844 2927 899 2989 tria
922 2925 1056 3007 inprimis
1072 2923 1246 3004 scriptorum

35 3015 417 3093 roconismontem,
435 3020 475 3093 7.,
489 3016 598 3079 icor.
618 3015 667 3092 io,
688 3015 781 3090 l-b,
799 3015 890 3094 apoc.
904 3013 932 3087 1,
954 3015 1003 3073 to.
1020 3011 1127 3072 aiicrrc
1138 3011 1244 3072 soient.

34 3104 71 3167 lle
92 3106 142 3168 lris
168 3101 263 3183 igitur
285 3104 421 3184 aliisque,
447 3098 523 3184 qnae
540 3103 591 3164 alii
614 3105 650 3164 ad
669 3111 798 3163 nostram
818 3122 877 3163 rem
896 3099 1006 3181 aliquid
1020 3097 1119 3162 lrrcere
1137 3095 1247 3178 opinati

35 3205 100 3271 snut,
117 3190 373 3267 evangelistarum
391 3189 607 3253 narrationibus
623 3190 691 3251 inse
708 3207 786 3250 nunc
811 3197 839 3249 ct
862 3198 1000 3250 accurate
1025 3188 1172 3266 agendam
1192 3195 1246 3247 est.
1307 3249 1309 3252 ,
1412 3255 1424 3272 .

113 3279 211 3360 Cap.
236 3279 285 3343 ill.
319 3275 934 3360 ExplicantnrApostolornmct
956 3271 1247 3352 Evangelista-

34 3386 108 3429 rnar
135 3365 268 3444 dicta,
304 3367 449 3448 quibus
475 3361 585 3428 rnnlti
612 3361 713 3426 diem
741 3361 977 3424 dominicum
1009 3361 1044 3422 in
1070 3355 1249 3426 ecclesia

34 3453 525 3536 apostolicnaeiebratum
542 3451 861 3530 iuisaeprobare
885 3447 1013 3509 conati
1031 3457 1134 3508 snat.

111 3543 181 3605 Act.
205 3539 261 3622 ap.
293 3535 351 3616 20,
376 3541 425 3604 'aa
450 3534 504 3601 Ἐν
533 3533 632 3621 tlb'rp'r
656 3535 710 3619 μιᾷ
735 3533 798 3596 τῶν
831 3524 1019 3618 σαββάτων,
1051 3529 1250 3611 συνηγμένων

33 3619 110 3703 ἡμῶν
136 3615 253 3688 κλάσαι
277 3618 389 3708 dr'prov,
423 3621 439 3687 b
465 3623 595 3697 Παῦλος
618 3619 772 3706 ’διελέγετο
796 3614 916 3706 adroic,
941 3615 1060 3702 μέλλων
1079 3613 1192 3692 ἐξιέναι
1207 3613 1249 3707 τῇ

33 3707 189 3795 ἐπαύριον·
205 3711 371 3792 meminerva
384 3737 418 3778 τε
433 3701 489 3776 τὸν
505 3702 597 3795 lopas
611 3711 699 3794 μέχρι
717 3708 930 3788 μεσονυκτίου.

105 3805 212 3866 Lucas
232 3801 366 3872 Paulam.
385 3823 473 3883 quum
492 3797 602 3882 septem
619 3800 684 3861 dios
699 3796 817 3860 Troade
836 3804 1030 3858 comraoratns
1048 3800 1138 3868 esset,
1154 3793 1249 3874 priam

34 3889 222 3952 hebdomadis
247 3889 311 3964 dic,
338 3889 476 3972 postridie
506 3887 719 3968 proiecturam,
747 3903 845 3945 eoram
876 3879 1052 3946 Christianis
1083 3882 1118 3943 ad
1143 3899 1249 3964 panem
1310 3958 1313 3964 ι

36 3975 229 4060 frangendum
258 3977 448 4056 congregatis
474 3973 632 4045 orationem
648 3971 790 4036 babuisse
808 3981 915 4052 narrat,
939 3969 981 4034 iia
1005 3979 1036 4031 ut
1053 3989 1116 4031 eam
1134 3969 1169 4030 ad
1188 3969 1250 4030 rne-

35 4065 103 4128 diam
122 4084 222 4147 unque
238 4063 567 4146 noctem'pmduxisset.
602 4061 690 4124 ¹Unde
705 4070 837 4142 apparet,
863 4058 907 4120 sic
930 4057 1013 4122 malti
1032 4055 1182 4122 clamitant
1196 4054 1250 4122 alni

36 4153 384 4234 torri*)3.'1'roadpnses
407 4155 553 4215 convento
576 4161 665 4212 sacro
689 4149 765 4210 diem
786 4145 966 4209 domininon
993 4143 1173 4209 celebrasse.
1210 4141 1252 4204 drt

33 4299 272 4318 Ἤ

95 4377 122 4441 *i
143 4375 216 4430 Cirr.
236 4383 300 4497 prro
320 4361 379 4428 aliis
397 4371 603 4440 arcananii·
624 4371 755 4440 anancitt.
780 4369 876 4450 sectos.
896 4375 964 4437 part.
983 4369 1010 4423 il.
1032 4357 1064 4454 'pL
1084 4365 1126 4422 tl.
1162 4361 1251 4418 blos-
1292 4447 1295 4452 ι

36 4441 117 4499 bein
138 4445 190 4510 <ilo
210 4453 239 4498 to
260 4457 289 4496 os
310 4439 451 4496 Christian.
464 4439 671 4508 nnto'iionntrbi.
683 4455 708 4508 p.
721 4441 792 4499 116.)
827 4441 964 4491 aronam
982 4448 1051 4491 soona
1064 4437 1161 4500 potest,
1180 4437 1250 4485 dieas

37 4509 199 4572 amanam
215 4515 341 4584 praalon,
357 4510 416 4584 'noa
440 4514 474 4568 dn
494 4519 580 4568 niorto
596 4507 756 4580 triomphato
777 4509 830 4577 opit
847 4507 1031 4562 eamcam
1048 4503 1190 4566 amator,
1214 4499 1271 4574 ab,
