2916 4904
489 289 525 350 sle
542 259 666 349 sabbate
681 289 799 366 niagno.
1046 291 1049 300 '
1209 276 1253 356 35

33 469 153 536 noctem,
169 466 242 540 quet
258 462 297 520 ast
314 455 377 521 autc
391 461 506 538 potuim,
525 453 627 522 scribit
645 457 808 540 Gregcr.
826 457 855 520 N
861 468 938 544 yss.
956 457 1029 520 orat.
1040 450 1071 521 4.
1086 455 1249 545 lupaschat,

32 553 106 607 socri
121 559 266 607 sctnroncs
283 565 365 607 uteros
380 556 492 608 nostrus
509 544 713 609 circumsonant
729 551 759 608 tn
775 528 883 622 bprrrats
898 557 924 606 ct
941 552 1073 620 canticis,
1097 563 1154 608 non
1170 551 1251 614 aliter

32 657 61 694 cc
76 642 102 696 st
118 631 225 710 buben
243 631 365 694 laetitiae
379 649 428 714 per
444 653 527 696 aures
541 641 571 696 in
587 641 710 696 amorum
727 631 864 710 deflueret.
885 667 923 678 -
944 629 972 718 ξ.
989 631 1020 693 2.
1037 629 1117 694 loen
1135 625 1251 714 litesc-

33 737 84 780 nns
102 727 223 781 noctem
241 714 372 799 paschae
389 721 536 800 praeviam
562 729 603 783 tot
626 717 755 781 lucernis
782 719 937 800 splendere
960 715 1074 780 colitant
1091 714 1195 800 retent,
1220 732 1252 783 ut

31 805 218 870 serenissimi
236 805 294 868 ttici
312 804 404 868 instar
420 805 564 871 lrabuerit.
597 805 833 888 acceptemus
850 811 924 884 noc',
941 803 1050 886 inquit,
1068 813 1191 868 accensis
1205 807 1252 869 lu·

30 898 151 956 minibus
167 901 231 956 cunr
247 894 306 954 aulo
322 899 458 956 nratttttno
473 907 560 955 unam
576 901 659 974 prensi
674 895 745 955 etiem
767 893 870 970 efficit,
894 903 925 954 ut
940 885 1011 954 anons
1033 895 1182 972 prophetes
1197 895 1252 956 rm-

30 983 161 1062 pteotur:
187 977 234 1042 bic
249 987 291 1041 est
306 983 373 1058 dics,
399 989 476 1062 perenn
492 983 557 1056 [cett
573 984 718 1054 nonninus,
742 990 773 1041 ut
796 981 950 1041 exultemus
968 981 994 1040 et
1016 979 1251 1045 testemonium.
1301 987 1304 998 '

30 1071 105 1130 Sane
125 1067 344 1152 Constantinus
360 1062 404 1131 M.
421 1075 540 1130 auctore
557 1067 688 1130 Eusebio
706 1063 742 1128 tle
757 1059 927 1129 vitaCeust.
944 1060 1038 1144 iffi.
1055 1075 1168 1129 noctem
1185 1080 1252 1132 autc

29 1153 142 1235 pascha
168 1153 200 1214 iu
220 1151 354 1216 diurnam
371 1153 463 1216 luceru
482 1163 674 1217 commutasse
699 1153 792 1215 fertur
809 1152 898 1230 acco,
926 1163 957 1214 ut
979 1151 1113 1216 accensis
1129 1154 1252 1234 ignibus

30 1265 83 1303 nox
100 1235 154 1302 elie
171 1240 281 1302 elarlcr
297 1239 336 1302 sit
353 1241 473 1304 reddita.
505 1241 592 1304 Ratio
618 1241 705 1322 hujus
723 1239 867 1321 peruigilii
891 1237 1043 1320 paschalis
1060 1241 1137 1321 aput
1155 1235 1252 1304 leibo-

29 1341 87 1390 rurn'
101 1325 227 1408 Hispal.
244 1327 286 1388 ita
302 1328 449 1389 redditur:
467 1325 536 1390 Non
551 1328 680 1408 poscbnc,
695 1327 797 1408 inquit,
813 1329 929 1412 percipit
945 1330 1046 1388 elicitur
1062 1329 1095 1388 ob
1112 1329 1185 1390 aluus
1200 1345 1252 1391 nu·

29 1423 123 1495 tiones,
144 1422 213 1494 quic
230 1417 284 1476 boc
300 1425 376 1476 nocto
391 1419 524 1478 Selectos
540 1415 709 1492 ccuctpsus,
732 1417 785 1474 lun
801 1417 868 1493 illc,
892 1432 963 1493 quac
986 1427 1092 1475 omnam
1115 1415 1260 1478 hominene

27 1507 192 1578 illuminat,
218 1505 251 1562 dc
268 1505 485 1578 tremuloitmum
501 1509 538 1563 sit
561 1513 647 1584 optus.
680 1501 824 1562 Putarunt
848 1501 938 1580 igitur
959 1509 1089 1580 veteres,
1106 1522 1171 1563 cum
1187 1503 1251 1566 sale

26 1589 161 1670 justitiae
179 1587 307 1649 excitato
325 1587 410 1649 etiarn
434 1588 490 1649 sibi
507 1587 687 1668 rigilanbnrn
705 1607 780 1648 csse.
810 1591 909 1649 atomo
924 1594 998 1649 ectio
1015 1599 1071 1664 cst,
1087 1591 1160 1668 quod
1174 1596 1252 1653 uati·

28 1699 78 1756 quo
94 1683 138 1738 sit
155 1677 280 1754 traditio,
298 1677 335 1734 ab
353 1672 530 1756 Hieronymo
555 1678 671 1758 (eornm.
689 1673 720 1734 in
737 1671 842 1737 Matth.
859 1695 884 1738 c.
902 1672 970 1754 25.)
985 1673 1148 1755 apostolica
1164 1676 1252 1756 diota,

31 1771 184 1825 Dominum
202 1771 329 1822 nostrum
346 1767 374 1822 J.
396 1763 426 1823 C.
444 1763 538 1823 eodem
553 1763 623 1824 leona
641 1769 746 1838 noctis,
775 1783 830 1840 quc
846 1755 987 1839 acernen,
1003 1763 1190 1839 adjudicium
1205 1769 1259 1826 rei

30 1853 154 1912 bitumum
171 1871 242 1912 csso.
274 1848 435 1910 Voluerunt
462 1849 552 1928 igitur
575 1856 688 1910 veteres
705 1846 814 1927 vigiliis
837 1847 900 1909 istis
916 1849 1070 1910 adventurn
1088 1847 1199 1910 Christi
1214 1851 1251 1910 aul

29 1936 172 2015 judicium
193 1935 241 2014 pie
257 1934 416 2014 expectari.
434 1969 474 1980 -
492 1937 519 2020 ᾗ.
536 1935 566 1996 3.
583 1936 666 2016 hpud
682 1933 851 1997 Pontificius
868 1935 990 1996 sabbato
1007 1954 1114 2014 magua
1131 1934 1251 1996 trinitus

33 2029 97 2083 suat
112 2021 230 2083 usitati.
264 2013 367 2099 lgnenr
385 2029 510 2082 vetetenr
529 2043 640 2083 onrueur
656 2021 685 2081 in
712 2018 825 2102 templis
850 2020 1024 2100 extinguunt
1049 2029 1077 2082 ct
1092 2041 1198 2085 navum
1215 2043 1253 2084 cx

34 2109 153 2191 chalybe
171 2101 296 2169 eliciunt
313 2119 437 2194 eumque
454 2112 636 2186 consecrant,
650 2131 686 2170 cx
704 2109 758 2170 hoc
776 2107 845 2187 igne
858 2100 970 2188 singuli
987 2111 1092 2170 terreni
1108 2107 1253 2190 arripiunt

35 2213 155 2277 euntque
173 2193 291 2256 donnum
308 2193 407 2255 lerunt
424 2202 451 2256 et
469 2193 608 2256 beneficio
626 2195 707 2256 illius
733 2195 818 2257 torris
835 2217 887 2276 per
905 2201 993 2256 toturn
1010 2215 1118 2256 aunuru
1136 2193 1253 2278 injuriis

36 2281 106 2344 cccli
123 2293 151 2344 ct
168 2280 208 2342 ab
224 2281 362 2342 inccndio
379 2303 411 2343 se
430 2291 506 2344 tutos
523 2281 586 2343 fore
604 2282 779 2343 existimant.
812 2281 937 2357 Nescio,
956 2302 1053 2342 aunon
1070 2277 1107 2342 ab
1123 2280 1179 2341 hoc
1196 2281 1254 2360 ritu

37 2369 67 2428 in
81 2379 197 2431 nostras
215 2360 360 2430 ecclesias
377 2367 456 2448 ignis
473 2368 620 2450 paschalis
638 2367 798 2447 irrepserit.
832 2364 962 2427 Sabbato
979 2386 1087 2444 rnagno
1107 2362 1254 2425 Pontificii

36 2456 181 2535 ingentem
199 2473 319 2517 cereum
338 2447 520 2532 consecrant,
533 2455 583 2534 qui
599 2453 747 2533 paschalis
760 2449 817 2511 dici
830 2451 914 2512 solet.
940 2451 972 2510 lu
988 2451 1044 2511 isto
1061 2471 1147 2510 cerea
1163 2447 1255 2512 multa

37 2551 102 2603 sunt
117 2541 273 2618 foramina,
293 2539 398 2621 qulbus
415 2551 510 2624 grana
536 2539 628 2602 thuris
651 2538 795 2620 injiciunt.
828 2535 885 2598 Hic
909 2555 1013 2598 cereus
1038 2537 1074 2597 elo
1091 2557 1165 2600 novo
1183 2533 1254 2622 igue

37 2627 164 2709 paschali
183 2627 355 2690 accenditur
371 2628 401 2688 in
418 2627 556 2688 honorem
569 2625 680 2690 Christi
698 2624 890 2705 resurgentis.
916 2620 1028 2685 Eodem
1045 2621 1092 2684 die
1108 2621 1138 2684 iu
1155 2623 1254 2705 bapti-

37 2717 121 2778 steria
135 2735 246 2778 nouam
264 2723 370 2795 aqualn
386 2709 544 2776 infundunt
555 2725 676 2794 caraque
690 2715 727 2774 nel
739 2734 824 2774 usurn
839 2711 972 2792 baptismi
990 2714 1255 2788 consecrantium

38 2800 141 2866 iontem
158 2802 299 2883 baptisari
317 2801 456 2863 sacerdos
468 2801 569 2862 rrcries
587 2801 728 2876 circumit,
743 2804 786 2861 ter
802 2820 907 2880 aquam
925 2799 1026 2876 tangit,
1044 2819 1131 2858 cruce
1147 2797 1255 2878 signat,

36 2889 113 2953 aillat
131 2901 161 2952 et
179 2881 343 2950 caudelam·
357 2887 459 2969 injicit.
489 2883 575 2948 Hauc
598 2908 704 2968 aquarn
729 2895 829 2947 contra
844 2881 962 2946 morbos
978 2883 1145 2945 horninibus
1162 2889 1190 2944 ct
1201 2884 1255 2964 ju·

38 2978 139 3039 uentis
158 2978 303 3058 prodesse
320 2971 500 3037 fabulantur.
534 2974 668 3053 Denique
693 2975 815 3034 subbato
832 2991 939 3050 magno
960 2969 1076 3052 jejunia
1091 2967 1255 3048 solvuntur,

37 3065 139 3125 altaria
154 3063 262 3124 iterum
280 3054 430 3141 splendide
449 3065 596 3136 ornantur,
614 3079 772 3140 campanae
792 3057 946 3140 pulsantur
969 3062 1025 3118 ete.
1056 3056 1140 3134 erae
1157 3055 1256 3119 cannia

38 3147 172 3212 'ihomas
190 3147 287 3228 Naog.
306 3147 325 3208 l.
342 3147 362 3207 l.
381 3146 531 3229 eleganter
548 3147 730 3227 perstringit.

121 3231 181 3298 tte
203 3227 382 3380 llip'iliisr
411 3233 573 3296 Occasione
591 3232 737 3314 pervigilii
753 3229 918 3312 paschaliS‚
945 3251 1002 3308 quc
1026 3229 1139 3290 nullum
1155 3229 1186 3290 iu
1203 3251 1255 3293 vu·
1282 3267 1293 3286 e

38 3326 86 3385 teri
106 3313 238 3385 ecclesia
268 3320 309 3380 uit
325 3319 467 3395 sanctius,
481 3318 591 3399 aliquid
608 3323 643 3402 dp
654 3317 764 3398 vigiliis
776 3324 903 3398 veterum
916 3315 1057 3377 dictemus
1085 3306 1142 3376 Ubi
1155 3315 1255 3378 scien-

38 3413 103 3472 num
120 3417 177 3486 est,
192 3419 321 3489 ternpore
337 3407 544 3488 Apostolorum
562 3415 590 3467 et
605 3407 656 3466 diu
684 3413 748 3492 post
762 3400 990 3482 Christianisob
1008 3421 1115 3478 graves
1132 3401 1256 3464 insidias

40 3509 62 3558 et
84 3497 245 3560 continuas
270 3493 491 3574 persecutiones
516 3493 642 3554 interdiu
664 3494 700 3553 ad
726 3485 955 3568 samopuntiea
977 3485 1133 3548 convenire
1149 3485 1199 3574 vin
1215 3483 1257 3548 li-

41 3585 147 3648 nuisse.
184 3573 274 3644 Primi
298 3578 389 3662 igitur
406 3563 564 3642 Christiani
589 3589 689 3641 coetus
714 3587 872 3638 nocturnos
890 3585 917 3635 et
933 3571 1125 3636 antelucanos
1141 3573 1256 3637 habue-

41 3681 113 3748 runt,
130 3671 221 3754 prout
238 3689 275 3730 ex
290 3667 413 3748 epistola
430 3665 517 3728 Plinii
537 3667 657 3728 constat.
693 3663 827 3744 luprirnis
843 3669 939 3723 autern
956 3683 1021 3724 curu
1038 3659 1191 3723 solennius
1207 3661 1255 3722 in.
1301 3735 1303 3744 ,

41 3763 129 3820 staret
147 3757 269 3832 festum,
286 3765 380 3816 amoto
399 3775 514 3836 quoque
531 3763 608 3814 metu
626 3751 878 3839 persecutionum,
893 3759 981 3810 nocte
999 3747 1117 3826 praevia
1133 3747 1257 3828 vigilare

42 3845 116 3906 soliti
134 3853 215 3920 sunt,
228 3842 469 3922 quemadmodum
480 3837 684 3915 Tertullianus
695 3840 755 3920 jaun
768 3859 822 3898 suo
836 3857 907 3898 aero
922 3833 1105 3916 pervigilium
1118 3825 1257 3916 paschale

42 3939 190 3992 memorat.
224 3921 289 3999 Hae
315 3938 409 3989 autern
426 3926 545 4005 vigiliae
570 3925 759 3986 communiter
778 3924 809 3984 in
827 3921 1008 3982 coemeteriis
1029 3923 1114 4004 juxta
1132 3923 1257 3984 turnulos

43 4025 197 4100 nrartpruru
215 4015 279 4078 fieri
299 4015 433 4076 solebant
456 4013 614 4091 scribitque
629 4013 853 4084 Theodorctus,
879 4007 946 4069 hist.
974 4007 1044 4068 eccl.
1061 4005 1091 4085 5,
1109 4009 1177 4086 52„
1194 4015 1257 4088 pri-

44 4127 112 4166 mum
129 4107 224 4180 fuisse
239 4105 404 4162 Antiochino
420 4105 568 4160 Lucretium
585 4105 749 4177 episcopum,
767 4103 814 4176 qest
830 4097 932 4174 popolo
948 4095 1127 4174 persuaserit,
1143 4105 1174 4155 ut
1189 4097 1258 4156 reli·

45 4199 89 4252 ctis
105 4193 262 4273 sepulchris
278 4191 390 4266 uiplltcs
404 4193 435 4248 tn
452 4189 561 4265 templis
585 4193 712 4262 sperent,
739 4185 814 4264 quod
838 4181 949 4264 farctum
973 4190 1018 4242 est
1041 4181 1120 4242 circa
1142 4200 1170 4243 a.
1189 4179 1259 4243 Chr.

45 4277 113 4340 375.
143 4271 258 4342 terum
276 4278 418 4336 nocturna
434 4269 508 4334 llaec
526 4291 628 4346 sacra,
645 4270 707 4331 sire
724 4273 759 4332 ad
778 4266 904 4331 turnulcs
920 4266 982 4327 sive
999 4267 1030 4326 in
1054 4263 1170 4346 templis
1187 4287 1258 4345 per-

45 4371 211 4444 agerentur,
222 4353 313 4442 lap'su
329 4370 489 4440 temporum
508 4357 605 4420 multis
623 4355 787 4418 sceleribus
803 4361 905 4414 ausam
921 4354 1071 4430 dederunt,
1088 4351 1260 4432 pracsertim

47 4469 78 4513 ex
107 4439 268 4517 radiorum
298 4465 432 4511 accessu.
480 4443 559 4507 Hinc
590 4445 720 4525 synodos
739 4439 891 4505 Libertina
923 4445 989 4500 ante
1014 4458 1097 4498 cono.
1115 4437 1261 4496 Nicenunr

294 4548 298 4554 .
1017 4534 1060 4595 3,
