2982 4892
298 243 335 306 de
350 237 477 325 publicis
491 246 624 308 soterum
639 239 871 315 Christianorum
888 211 1037 326 piscibus.
1072 185 1074 192 v
1206 243 1274 314 dli

56 412 169 496 legitur
186 413 203 480 1
221 411 290 496 cor.
307 413 361 493 11,
376 415 406 496 5.
439 415 557 494 Etenim
568 415 603 494 b.
617 413 639 479 l.
656 416 774 492 Pactu,
785 439 894 490 murem
910 417 999 482 ὶιίιιι
1011 437 1076 504 ,nou
1093 420 1204 500 probat,
1220 424 1273 486 sod

57 501 255 568 tautummodo
272 515 388 592 narrat,
413 504 481 587 quid
498 504 552 568 illa
567 515 661 570 aetate
678 505 741 570 lieri
766 505 952 580 consueverit
967 505 998 568 iu
1018 503 1147 570 ecclesia
1164 507 1273 572 Corin·

57 589 158 654 thiara
183 589 295 673 etquid
319 591 349 654 in
374 592 496 658 nvuliecc
513 593 668 657 honestum
685 591 838 658 velaminis
858 613 944 658 nsum
963 593 1134 675 negligente
1157 594 1273 679 sibique

58 679 435 847 arrogante)auetoritetem
453 701 524 746 voce
541 681 665 756 audibili
682 681 713 744 in
730 682 871 748 concione
887 683 1038 764 precandi,
1057 681 1097 747 sit
1111 682 1273 766 repreben-

58 767 186 830 dcudunv
202 766 244 831 ⁴.

11 924 12 928 Ἰ
145 853 409 934 Quemadmodum,
426 865 558 930 ntantea
572 855 708 934 vidimus,
726 858 804 938 apud
815 857 943 922 ludaeos
959 855 1097 938 precibus
1115 866 1144 922 et
1159 859 1274 940 gretia·

57 961 123 1004 rum
141 940 307 1020 actionibus
324 942 355 1006 in
370 964 528 1028 synagoga
549 943 636 1006 factis
654 943 783 1027 populus
799 945 994 1026 respondebat
1008 949 1116 1008 naar
1137 945 1178 1009 itu
1196 969 1273 1030 quo·

59 1048 118 1111 quo
134 1028 190 1092 bac
203 1040 301 1096 aetate
317 1029 393 1095 inter
409 1029 596 1096 Christianos
613 1031 775 1096 obtinuisse
793 1053 919 1114 morem,
945 1043 977 1094 nt
996 1032 1126 1098 recitabis
1141 1032 1171 1096 ia
1188 1047 1275 1100 coetu

57 1116 141 1180 clara
163 1138 235 1180 voce
252 1118 391 1268 p⁴recibus
407 1118 535 1204 populns
557 1119 608 1202 qni
625 1129 816 1198 convenerat,
832 1118 1010 1184 acclamaret
1025 1123 1129 1202 Aaou,
1153 1135 1275 1206 apparet

58 1226 96 1268 ex
119 1207 135 1269 1
156 1204 262 1278 Conl
285 1250 294 1284 ‚
314 1207 364 1270 16.

10 1325 11 1358 ;
145 1291 237 1356 Plura
259 1294 296 1358 de
319 1293 443 1370 ritibus,
467 1314 543 1378 quos
561 1293 720 1364 Christiani
738 1295 832 1366 Deum
856 1293 974 1376 publice
992 1297 1155 1360 adorantes
1178 1308 1273 1378 aetate

57 1379 264 1462 Apostolorum
283 1381 494 1460 observarunt,
516 1383 548 1444 in
571 1381 656 1444 libris
671 1383 708 1446 N.
726 1383 765 1446 Τ.
789 1381 922 1466 equidem
945 1383 1074 1464 reperire
1097 1404 1156 1446 nou
1183 1385 1274 1467 potui.

57 1467 161 1550 ltaque
177 1465 252 1530 baec
269 1489 320 1551 pro
338 1469 462 1532 instituti
479 1469 593 1532 ratione
617 1469 766 1536 sufficiant
789 1481 819 1534 et
834 1490 992 1552 pergamus
1011 1471 1047 1534 ad
1065 1454 1201 1554 publicas
1219 1495 1273 1538 ve·
1372 1479 1376 1498 '

56 1563 152 1620 terum
169 1553 401 1624 Christianorum
418 1567 485 1642 post
497 1557 688 1644 apostolicam
707 1565 834 1624 aetatem
846 1580 951 1640 preces
967 1559 1217 1643 contemplandas.

634 1920 693 1996 111.

55 2039 368 2158 Querratione
418 2078 599 2141 veteres
647 2069 894 2141 Christiani
945 2078 1042 2162 post
1084 2079 1274 2160 aetatem

57 2164 349 2268 apostolicam
391 2175 759 2265 Deumpublicis
811 2179 1021 2265 precibus
1065 2183 1274 2250 venerati

251 2355 254 2362 .
387 2373 394 2381 ι
435 2283 544 2372 sint,
578 2281 893 2366 investigetur.

149 2459 178 2544 ᾗ.
196 2459 226 2524 i.
263 2459 315 2524 Ile
332 2457 505 2522 lontibus
522 2463 557 2520 et
576 2455 770 2520 subsidiis
787 2457 1049 2538 cognoscendi
1076 2459 1274 2542 rationem,

57 2567 136 2628 qna
152 2545 380 2610 Christiani
402 2556 490 2630 post
512 2554 679 2622 aetatem
696 2543 1095 2625 apostolicarultennr
1114 2548 1275 2628 publico

57 2637 293 2698 adorarunt.
316 2668 356 2682 -
380 2635 465 2718 Quae
487 2635 628 2700 bactenus
655 2634 690 2694 de
713 2653 832 2712 precum
850 2632 1032 2714 publicarum
1056 2635 1171 2700 rabone
1195 2639 1274 2719 apud

58 2720 282 2803 antiquissimus
308 2719 492 2784 Christianos
520 2721 587 2804 ipse
610 2718 811 2802 Apostolorum
837 2729 932 2784 aetate
956 2719 1147 2802 scripsimus,
1176 2732 1274 2806 petere

58 2799 228 2892 poteramus
254 2829 270 2872 e
292 2809 329 2874 N.
353 2807 410 2883 T„
442 2807 600 2890 purissimo
624 2805 675 2870 illo
699 2805 743 2869 rei
767 2806 945 2874 obristianae
967 2805 1050 2870 initia
1074 2813 1274 2892 cognoscendi

56 2899 151 2962 fonte.
196 2896 270 2960 Cum
295 2917 347 2978 pro
371 2895 494 2959 instituti
515 2895 629 2958 ratione
650 2894 711 2976 J‘am
735 2893 939 2976 inquirendum
956 2894 994 2958 sit
1010 2894 1041 2958 in
1059 2899 1191 2976 modurn,
1217 2922 1274 2982 quo

59 2983 223 3048 Christiani
247 2994 360 3046 veteres
383 2993 449 3064 post
466 2979 669 3064 Apostolorum
694 3004 732 3044 ex
753 2981 812 3044 lrac
835 2982 894 3046 vita
918 2982 1080 3046 discessum
1098 2985 1130 3046 in
1153 2986 1274 3067 publica

58 3071 118 3136 Dei
134 3071 304 3136 adoratione
321 3069 428 3134 versati
445 3069 569 3148 luerint,
595 3069 654 3134 elia
670 3067 785 3134 consuli
802 3071 909 3136 debent
929 3069 1072 3139 ccclesiae
1088 3084 1275 3156 monumenta

59 3158 200 3240 antiqua,
225 3176 261 3222 ee
283 3157 485 3240 potissimum,
509 3179 584 3240 qnae
600 3157 696 3222 medio
720 3157 796 3221 iuter
811 3157 970 3240 Apostolos
988 3167 1017 3220 et
1033 3159 1188 3226 concilium
1206 3161 1273 3224 Nic.

59 3258 192 3328 tempore
208 3257 277 3310 sunt
294 3245 388 3324 edita,
413 3266 534 3327 qnorum
552 3245 668 3326 quidem
691 3244 780 3326 louge
796 3246 892 3308 minor
908 3255 954 3334 est
969 3245 1128 3312 auotoritas
1146 3258 1174 3314 ct
1190 3248 1275 3330 fides,

59 3355 151 3417 quam
167 3334 351 3416 scriptorum,
368 3354 443 3416 quae
458 3333 541 3415 ipsos
551 3330 885 3414 Apostolosbebuernnt
901 3342 1047 3414 auctores,
1064 3337 1116 3398 sed
1133 3357 1149 3397 e
1166 3336 1274 3418 quibus

60 3435 160 3488 tamen
176 3440 234 3484 non
250 3441 347 3504 pauca
362 3423 398 3484 ad
414 3421 490 3486 benc
506 3441 569 3482 rem
585 3420 748 3501 spectantia
765 3419 907 3500 cognosci
920 3429 1053 3502 possunt.
1253 3490 1257 3499 ,

149 3509 196 3573 lle
210 3509 328 3592 scriptis
343 3508 425 3571 hisee
440 3508 576 3570 universe
592 3506 879 3570 auimudvertendum
896 3518 949 3586 est,
966 3529 1065 3572 eorum
1078 3523 1160 3572 usum
1178 3511 1273 3594 mejo-

58 3619 124 3662 rem
142 3597 293 3680 requirere
316 3595 497 3673 cantionem,
522 3615 608 3678 quam
631 3593 747 3678 quidem
772 3614 791 3656 a
814 3593 913 3658 multis
933 3595 1005 3660 viris
1030 3595 1139 3675 doctis,
1162 3597 1213 3680 qui
1237 3601 1274 3660 de

59 3685 270 3767 areheeologia
286 3683 454 3747 Christiana
470 3683 660 3765 scripserunt,
676 3681 806 3745 adbibita
819 3682 885 3745 init.
911 3681 1055 3748 Nimirum
1073 3682 1165 3766 primo
1181 3701 1274 3748 eccu-

60 3784 126 3838 rate
142 3771 352 3854 distinguenda
368 3781 437 3834 snut
451 3791 592 3850 germana
607 3770 714 3834 veteris
732 3769 797 3834 aevi
814 3779 1000 3834 monumenta
1016 3772 1054 3833 ab
1069 3772 1117 3850 iis,
1136 3793 1212 3854 queo
1227 3769 1274 3841 vel

60 3859 164 3943 spuria
180 3869 248 3924 suut
264 3868 293 3922 et
308 3858 398 3940 louge
415 3858 519 3922 seriori
537 3872 665 3941 tempore
682 3857 821 3936 conficte,
845 3857 892 3920 vel
916 3878 991 3938 qnae
1014 3857 1189 3940 interpolata
1206 3871 1275 3924 suut

61 3957 92 4012 et
114 3947 204 4012 variis
226 3946 434 4012 additamentis
456 3955 560 4025 aucte,
585 3956 736 4028 postquam
760 3946 798 4007 ab
821 3941 984 4028 apostolica
1007 3944 1192 4027 simplicitate
1212 3947 1275 4030 jem
1355 3961 1357 3966 ’

61 4039 293 4116 degeneraverat
315 4031 436 4118 publica
459 4031 516 4096 Dei
542 4033 684 4096 adoratio.
727 4033 842 4096 Deinde
867 4031 959 4114 probe
983 4032 1179 4098 discernende
1205 4049 1275 4098 sunt

59 4115 195 4210 tempora
211 4125 342 4208 adeoque
357 4121 448 4199 ritus,
466 4120 517 4204 qui
533 4129 601 4208 post
617 4119 742 4184 medium
758 4139 819 4184 sec.
836 4139 855 4182 a
871 4117 907 4184 0.
924 4119 962 4182 Ν.
976 4119 1005 4182 lt
1022 4129 1050 4184 et
1067 4119 1169 4198 seculo
1184 4121 1227 4186 111
1242 4121 1274 4185 in
1363 4133 1365 4144 '

60 4287 286 4311 m

133 4379 165 4450 *)
183 4379 225 4438 Gi.
244 4381 341 4437 Storr
361 4380 456 4448 epm.
474 4376 552 4436 aad.
571 4375 629 4432 b'ol.
649 4381 677 4433 2.
695 4395 724 4448 p.
738 4380 788 4434 281
808 4389 844 4430 ts.
881 4373 938 4436 voa
960 4374 1056 4433 bloet
1090 4379 1274 4445 raucoque

64 4451 336 4512 cotteanum.
356 4445 907 4539 F.A.G.llrauseedtflor.ll,d·
953 4523 955 4530 y
994 4501 997 4508 ,
