2944 4904
396 299 489 364 ‘a
504 297 553 364 aa
566 295 659 366 aemi
674 297 852 366 annea.
1061 253 1064 262 ⁴
1194 297 1257 368 aar

43 471 142 535 ordine
166 469 284 554 primas
305 468 393 534 locus
411 471 469 535 luit
492 475 578 538 datus
595 473 626 536 in
651 474 801 540 encaeniis
817 472 928 558 templi.
962 471 1013 539 tl.
1037 472 1193 554 dggrensa
1215 486 1260 542 cst

42 559 155 622 familia
179 559 294 641 leiarib
310 559 502 624 ministerium
520 581 607 624 suum
623 581 701 625 anno
717 563 813 626 tono.
830 584 894 644 per.
909 562 967 624 lul.
985 564 1013 623 d.
1028 561 1080 624 22.
1093 564 1259 626 novembris

43 647 125 708 biduo
145 657 220 709 aute
237 646 389 709 encaenia.
424 646 535 712 &outa
561 659 606 712 est
632 649 740 714 elassis
756 650 858 727 Abina,
878 670 955 730 quae
982 659 1044 711 erat
1068 659 1169 711 octaua
1192 659 1260 730 post

43 735 97 797 dies
122 733 182 796 ta.
209 734 240 794 b.
267 755 294 797 e.
308 736 442 810 sabbato,
467 739 543 818 quod
562 740 744 817 congruebat
761 736 873 799 decimo
887 735 1027 817 januarii.
1043 733 1090 796 die
1115 735 1184 798 anni
1207 757 1259 799 se-

41 821 155 902 quentis
173 819 278 884 4596.
302 821 421 884 11111
439 822 490 883 illo
507 825 629 884 sabbato
646 826 682 884 arl
701 825 855 886 sabbatum
872 823 929 886 diei
946 825 998 886 21.
1013 821 1068 904 jul.
1086 822 1154 886 anni
1163 822 1261 888 4710.

42 929 100 990 per.
118 906 183 970 lul.
203 907 361 970 fluxerunt
384 910 455 970 anai
481 910 553 974 too.
569 921 597 971 ct
617 910 681 974 dies
710 909 781 975 1⁹2.
798 911 847 992 qui
867 910 966 993 cyclos
982 908 1141 972 hieraticos
1165 909 1260 972 Abiao

42 995 173 1058 efficiunt
191 995 268 1056 349.
293 994 372 1060 lllll.
386 993 565 1077 Principium
583 1017 655 1076 ergo
672 997 823 1060 ministerii
840 996 1005 1062 Zachariae
1021 995 1123 1058 incidit
1139 995 1169 1060 iu
1185 997 1260 1060 dien

40 1084 90 1144 21.
102 1079 187 1164 julii,
207 1080 276 1142 linis
292 1101 361 1144 vero
372 1081 437 1146 dics
452 1083 495 1146 28
508 1083 584 1164 julii.
609 1086 688 1148 lutra
704 1086 758 1148 laos
774 1085 837 1158 dies
854 1085 977 1166 contigit
992 1083 1143 1164 apparatio
1160 1083 1272 1165 angen

40 1171 112 1232 Luc.
132 1171 163 1247 l,
184 1171 239 1232 ll.
258 1179 425 1247 memorata,
450 1171 537 1252 cujus
559 1172 750 1252 septimanam
767 1183 904 1234 accurate
920 1183 1068 1247 tenemus,
1092 1171 1167 1232 diem
1192 1191 1260 1234 aero
1378 1171 1382 1178 ’

41 1256 140 1318 nullus
157 1256 310 1316 burnanus
327 1255 491 1319 intellectus
507 1260 628 1340 assequi
646 1269 750 1340 potest.
784 1260 833 1322 tx.
861 1259 1022 1340 Correptio
1043 1257 1188 1322 lobannis
1205 1261 1261 1320 bo·

40 1345 144 1423 ptistae
159 1341 270 1404 incidit
285 1341 316 1402 in
333 1341 553 1423 hebdomadem,
570 1366 645 1428 quae
663 1355 766 1408 secuta
792 1355 837 1408 est
862 1347 994 1428 proximo
1019 1355 1086 1428 post
1107 1345 1160 1408 28.
1184 1345 1260 1407 diem

39 1431 111 1510 julii,
129 1428 276 1490 nativitas
292 1438 387 1492 summ
405 1432 536 1511 ejusdem
554 1433 634 1496 circa
649 1434 764 1496 initium
780 1433 898 1514 aprilis,
923 1443 1138 1514 cousequenter
1153 1431 1262 1496 nativi·

43 1529 82 1580 tas
92 1515 209 1579 Gbristi
226 1519 258 1578 in
274 1514 361 1578 lineus
376 1519 488 1584 mensis
503 1521 677 1601 septembris
692 1531 743 1584 aut
758 1521 872 1584 initium
889 1521 1025 1599 octobris,
1042 1519 1099 1584 luit
1114 1520 1190 1584 enirn
1207 1539 1262 1584 sex
1322 1531 1326 1542 '

43 1605 198 1666 mensibus
220 1604 374 1684 posterior.

123 1692 215 1770 Haec
231 1689 295 1760 iere
311 1700 380 1754 suut
395 1691 524 1772 cogitata
539 1691 697 1774 scaligeri,
712 1695 797 1777 cnjus
814 1693 941 1774 uestigia
958 1693 1180 1776 premitSotbes
1190 1694 1261 1762 cat-

43 1778 131 1840 risius
148 1779 275 1857 lsagog.
293 1777 344 1842 lib.
363 1781 415 1840 47.
1214 1819 1219 1826 ·

125 1864 294 1944 lngeniosa
306 1865 437 1946 prolecto
446 1867 654 1930 demonstratio
672 1877 700 1930 et
716 1866 905 1950 multiplicem
924 1867 1042 1948 spirans
1059 1868 1261 1947 eruditionem,

43 1973 114 2034 quae
140 1951 293 2014 nobiliora
307 1947 439 2033 ingenia,
462 1961 495 2014 ut
511 1954 575 2035 ipse
593 1954 721 2036 loquitor
737 1953 884 2035 Scaliger,
909 1974 1033 2036 pascere
1051 1963 1146 2034 potest
1162 1965 1190 2018 et
1207 1959 1263 2018 ob-

42 2041 161 2118 lectare,
179 2041 244 2116 sed,
260 2041 340 2120 quod
351 2059 495 2117 veremur,
512 2041 628 2106 minime
646 2043 765 2124 explere
782 2043 927 2106 desideria
944 2063 1053 2118 eorum,
1071 2039 1121 2123 qni
1136 2063 1194 2103 non
1205 2044 1263 2106 du·

43 2128 126 2204 biam,
144 2129 203 2188 sed
220 2137 328 2189 certam
345 2135 374 2190 et
391 2127 513 2192 evictam
529 2128 617 2208 plane
632 2131 922 2194 sententiamatauto
937 2130 1001 2192 riro
1019 2129 1262 2211 sibipatelactam

43 2237 105 2278 csse
122 2213 296 2294 capiebant.
328 2215 471 2292 Quamvis
489 2216 565 2278 euim
588 2218 725 2296 speciosa
740 2218 893 2280 rideantur
909 2227 1082 2296 argumenta
1099 2219 1136 2278 ad
1154 2218 1263 2282 contir-

42 2304 179 2364 mandam
204 2303 281 2364 bauc
306 2302 478 2366 sententiam
501 2303 624 2384 prolata,
650 2323 752 2383 parum
770 2313 865 2366 tarraco
884 2304 979 2364 solida
997 2304 1262 2383 deprehenduntur,
1360 2307 1362 2319 ’

42 2391 66 2450 si
83 2389 211 2471 propius
219 2388 413 2468 vestigentur.
429 2389 552 2456 Obstant
565 2390 784 2470 omninoplura,
802 2409 879 2470 qnae
895 2409 1048 2450 assensum
1057 2389 1204 2450 sustinere
1210 2391 1262 2469 jn·

41 2479 119 2538 baut.
135 2477 215 2538 Nam
235 2477 258 2538 l.
273 2469 657 2558 SuppouitnraScaligero,
667 2476 814 2538 Christum
826 2485 924 2539 natum
935 2495 1011 2536 anuo
1029 2495 1089 2553 per.
1099 2472 1262 2548 JutAttt.

42 2563 206 2626 aCalrisio
220 2563 410 2641 amabar,
428 2567 535 2644 quoda
551 2563 649 2626 multis
667 2573 786 2624 strenue
804 2570 1001 2643 oppugnatur.
1023 2562 1059 2623 ll.
1070 2559 1261 2642 supponitur,

41 2650 185 2712 familiam
198 2649 310 2731 lojarib
328 2650 449 2730 primam
466 2671 484 2712 a
501 2651 632 2713 restituto
644 2650 700 2712 Ilei
717 2650 798 2712 eultn
814 2649 910 2711 saeris
928 2669 994 2711 esse
1010 2659 1177 2730 operataue
1193 2649 1262 2732 quid

41 2759 108 2800 raro
126 2737 155 2798 si
174 2735 227 2798 illu
242 2735 334 2816 legali
351 2737 512 2820 pollutione
528 2737 746 2800 conminiuatai
779 2737 885 2816 Quint
902 2737 929 2800 si
946 2737 1041 2798 denno
1058 2743 1136 2799 sorte
1153 2757 1171 2799 a
1187 2738 1264 2799 luda

41 2823 215 2906 inquisitum
241 2825 270 2885 in
289 2823 465 2907 uoluntatem
481 2826 557 2904 Dei,
584 2827 824 2907 quemadmodum
842 2847 860 2887 a
875 2825 988 2888 llaride
1011 2825 1122 2888 iactum
1136 2823 1263 2904 legimns

43 2915 56 2973 l
77 2913 191 2974 Cicron.
214 2910 291 2974 24.l
324 2911 428 2990 Quint
460 2912 485 2974 si
502 2913 601 2994 aliqua
618 2933 655 2975 ex
670 2913 776 2993 viginti
795 2923 920 2994 quatuor
936 2913 1119 2974 sacerdotum
1142 2909 1263 2972 familiis

42 2997 226 3061 interciderit
255 2995 303 3060 rel
328 3019 388 3060 nou
414 3000 650 3080 praestoinerit,
677 3003 752 3080 quod
772 3010 836 3080 post
859 2999 980 3062 reditum
999 2995 1099 3078 pop'uli
1117 2996 1263 3058 accidisse
1387 3028 1390 3038 =

42 3097 142 3148 notum
162 3085 232 3146 est‘l
264 3085 341 3148 Esca
361 3086 438 3148 enirn
455 3084 499 3164 (2,
518 3085 672 3165 att-39.)
696 3094 822 3168 quatuor·
846 3097 954 3148 tantum
981 3085 1098 3146 ordines
1120 3091 1264 3146 recenset.
1364 3107 1377 3120 ·

43 3173 148 3250 Quid?
168 3171 194 3234 si
213 3171 241 3257 ei
255 3171 385 3236 familiae
403 3173 586 3238 ceremoniae
603 3194 706 3237 sacrae
724 3174 914 3251 commissae,
935 3194 1009 3254 quae
1026 3183 1155 3255 tempore
1171 3171 1265 3234 inter·

43 3259 120 3340 rupti
139 3249 239 3322 cultus
256 3259 333 3322 sacri
361 3281 481 3324 munere
498 3281 553 3324 suo
570 3261 811 3342 defungebatur?
844 3261 951 3339 Quint
978 3261 1004 3320 si
1023 3260 1066 3337 ei,
1091 3279 1176 3341 qnam
1194 3261 1264 3325 ordo

45 3347 201 3427 tetigisset,
219 3355 376 3428 supputato
392 3347 509 3410 triennii
528 3359 656 3432 tempore
666 3351 703 3410 ab
713 3347 935 3429 interruptione,
952 3348 1037 3426 quasi
1054 3345 1263 3408 nullacnrnino

44 3434 161 3496 luisset.
195 3433 277 3496 llaec
295 3434 393 3496 omnia
411 3455 475 3496 cam
494 3437 628 3498 accidere
647 3434 810 3515 potuerint,
829 3455 884 3494 nee
901 3433 1055 3494 deliniatur
1070 3433 1100 3494 in
1118 3433 1265 3508 scriptura

45 3521 112 3601 quid
133 3541 204 3584 aare
221 3520 370 3598 acciderit,
388 3534 518 3602 praestat
533 3522 654 3604 ἐπέχειν
671 3541 759 3603 quatu
774 3520 885 3582 incerto
902 3519 1092 3582 fundamento
1102 3506 1265 3589 ἀπόδειξιν

46 3617 155 3671 certam
182 3617 398 3689 superstruere.
424 3609 476 3674 lll.
499 3609 698 3692 Suppositur,
726 3607 866 3682 iarniliaru
885 3606 976 3670 Abiae
994 3615 1123 3668 octavam
1148 3623 1264 3685 semper

45 3695 147 3758 ordine
163 3695 268 3758 inisse.
289 3696 348 3757 Sed
365 3707 488 3773 constat,
506 3689 721 3778 ante‘tempora
739 3697 832 3758 Judac
847 3693 1023 3758 Maccabaei
1040 3695 1117 3782 bunc
1134 3691 1264 3756 ordinem
1327 3739 1330 3753 .

44 3803 102 3844 uon
120 3803 188 3846 esse
205 3792 350 3845 serratum
367 3783 396 3844 in
413 3783 641 3862 familiaAbiae,
659 3804 734 3865 quae
752 3805 829 3846 nuuc
843 3782 1056 3856 duodecimum,
1073 3799 1151 3842 unnc
1168 3782 1264 3844 unde·
1332 3782 1337 3786 ’

46 3859 151 3932 cimuln
168 3870 267 3942 locum
286 3873 396 3933 obtinet
414 3871 535 3938 Nebem.
554 3870 605 3950 12,
627 3875 695 3933 11.
715 3874 764 3934 12.
780 3873 829 3932 17.
846 3871 913 3948 Quo
930 3870 1021 3950 igitur
1033 3869 1100 3950 jure
1117 3888 1169 3949 pru
1186 3877 1264 3950 certo

44 3957 254 4032 etiudubitato
273 3957 377 4020 baberi
391 3961 495 4040 possit,
520 3959 588 4022 inde
611 3961 646 4020 ad
663 3960 755 4021 iudae
778 3955 952 4050 Maccabaei
976 3955 1156 4038 temporibus
1180 3965 1265 4018 octa·

44 4065 110 4107 rum
127 4066 247 4126 semper
264 4045 363 4108 locum
380 4064 556 4127 occupasse,
574 4067 659 4126 quem
678 4055 773 4108 tamen
792 4045 849 4108 uisi
867 4051 1034 4106 constanter
1059 4043 1160 4106 sortita
1176 4041 1266 4107 fucrit

44 4133 137 4195 Abiae
144 4131 271 4206 familia,
289 4132 382 4194 omnis
391 4132 450 4194 ruit
462 4133 683 4199 demonstratio.
704 4133 754 4198 lll.
772 4131 1049 4212 Tempuslohannis
1067 4129 1200 4210 concepti
1219 4137 1266 4191 set

46 4219 199 4284 incertum.
227 4219 375 4302 Suppouit
391 4220 506 4302 quidem
529 4220 667 4301 Scaliger
681 4241 782 4302 mense
796 4219 872 4300 julio
889 4228 955 4300 post
969 4218 1081 4282 linitum
1099 4215 1265 4282 Zachariae

48 4307 241 4370 ministerium
260 4316 432 4389 conceptum
449 4329 516 4372 esse
533 4310 704 4375 iohannem.
722 4307 932 4372 Verbatamen
951 4307 1052 4369 Lucae
1068 4313 1137 4366 sunt
1151 4304 1266 4367 laxiora

47 4413 98 4458 nse
115 4396 278 4478 quidquam
294 4395 432 4464 accurate
449 4395 591 4460 deliniunt
614 4415 679 4474 nec,
696 4393 721 4458 si
739 4395 935 4476 concedatur,
960 4390 1028 4457 iude
1046 4389 1183 4454 concludi
1197 4392 1266 4474 jure
