2916 4904
903 27 914 66 d

183 184 229 312 n
324 241 350 352 3
668 187 940 348 ...nmo

522 351 548 396 ο
650 381 653 394 .

185 437 256 502 pun
279 415 468 480 tironensem
498 413 695 498 pervenisset,
728 415 778 496 qui
799 411 974 492 (iibtlhnis,
1006 409 1182 478 ndrersnrlie
1202 429 1317 494 papam
1344 411 1449 484 eruti

189 504 339 582 addictos,
355 503 492 566 Pontifex
506 503 650 580 integram
674 500 762 566 ollam
787 503 936 564 cineribus
963 501 1078 582 plenam
1093 500 1124 562 in
1139 499 1244 562 lanian
1271 499 1426 580 episcopi
1448 489 1449 548 l

188 592 331 670 incussit,
354 592 475 652 dicens:
500 589 648 668 Memento
666 599 714 666 tu,
732 592 810 670 qnod
827 587 995 652 Gibellinus
1014 607 1047 649 es
1071 597 1100 650 et
1116 607 1182 650 cunr
1198 585 1366 676 (libellionis
1387 587 1424 648 iu

189 680 317 742 cinerem
339 675 504 740 reverteris.
539 677 628 753 Quod
650 675 767 738 Platina
796 685 933 757 tanquam
964 676 1084 755 signum
1115 673 1282 754 impotentis
1308 673 1449 750 'mimir

187 766 334 845 aestimat.
346 798 385 812 -
400 763 427 846 ᾗ.
441 763 471 826 3.
489 759 593 826 Solent
609 765 645 824 de
662 773 777 826 caetero
795 765 868 824 duas
885 763 1014 833 rationes
1029 763 1148 838 reddere,
1160 762 1198 822 ob
1214 779 1290 842 quas
1307 759 1427 822 cinere

190 852 374 918 Christianos
392 859 561 930 aspergant.
587 850 674 912 Ratio
691 850 785 912 altera
801 860 896 928 estet
908 853 1071 927 dimne,
1086 851 1268 914 ιιιοιιιιιιιιιιι
1283 858 1310 908 ιι
1326 851 1426 910 eitin-

187 948 276 1004 cimue
292 959 360 998 sono
375 943 491 1015 oripinie
505 940 538 998 do
552 948 628 1000 torro
645 959 794 1014 memores,
816 941 1008 1014 hostilitatem,
1024 943 1149 1015 rupim
1164 939 1245 998 illone
1266 941 1427 1010 οἰιιιιιιιιιι,

190 1029 332 1090 docorem.
364 1021 465 1086 Altera
482 1035 534 1098 est,
551 1035 583 1086 ιιι
597 1045 647 1105 por
661 1028 713 1088 hoe
728 1027 787 1092 dies
803 1031 998 1105 mnasonem
1013 1027 1067 1094 sibi
1082 1025 1218 1102 spondero
1233 1033 1333 1084 macte
1352 1043 1423 1084 noe-

189 1111 353 1176 miaiseent.
375 1111 452 1172 Nam
468 1110 497 1170 in
510 1109 546 1174 V.
560 1112 599 1174 Τ.
615 1111 748 1192 aspersio
767 1111 875 1174 cineris
891 1131 1007 1192 semper
1023 1118 1075 1174 aet
1086 1109 1250 1190 lugentium
1266 1118 1320 1170 ιιιιι
1335 1131 1427 1190 poe-

191 1198 342 1262 nitentium
359 1208 429 1259 nota
453 1207 524 1260 erat.
556 1199 600 1260 lta
614 1197 687 1260 illud
712 1199 870 1280 patientiae
887 1195 1063 1280 exemplu,
1078 1198 1195 1276 lehuno,
1211 1197 1242 1258 iu
1259 1193 1374 1259 isvilla
1394 1206 1426 1258 et

191 1286 290 1349 cinere
311 1283 519 1366 poenitentiam
544 1283 646 1366 egisse
672 1285 789 1366 legitur.
823 1286 1006 1348 dhrehemus
1027 1287 1058 1346 in
1082 1283 1228 1366 colloquio
1253 1303 1320 1344 cnm
1350 1283 1426 1347 nno
1448 1295 1449 1344 ι

189 1373 232 1434 ita
247 1369 423 1452 prorumpit:
450 1379 509 1450 Epo
534 1394 595 1434 cont
616 1375 726 1436 domino
752 1376 863 1453 loquor,
888 1380 936 1453 qui
957 1376 1049 1452 putaris
1064 1369 1176 1434 cinisii
1198 1373 1270 1432 ιιιιῐιι.
1303 1369 1343 1433 Ιιι
1362 1370 1421 1432 lib.
1448 1383 1449 1448 ι

190 1459 300 1522 Esther
324 1459 557 1537 Mardaclnaeus,
592 1461 660 1520 dom
691 1468 736 1522 est
766 1459 797 1520 in
827 1457 926 1536 luctu,
951 1477 1070 1522 saccum
1093 1458 1188 1520 induit
1216 1468 1245 1521 et
1276 1456 1420 1520 cinerem

191 1545 280 1626 capiti
296 1544 448 1625 inspergit.
481 1545 561 1608 ldenr
578 1545 712 1608 fecerunt
728 1545 875 1610 Ninivitas
892 1567 956 1608 oum
973 1547 1039 1627 ipso
1055 1565 1128 1626 rego
1143 1542 1249 1622 leonii,
1266 1543 1297 1608 d.
1333 1545 1425 1622 Quin
1448 1581 1449 1640 q

189 1643 220 1695 et
236 1633 319 1694 Dens
336 1631 482 1698 hortatur:
503 1637 719 1714 Goneporpimini
734 1641 832 1713 cinere,
847 1641 913 1715 qtrin
927 1637 987 1696 dies
1002 1640 1086 1696 cedri
1101 1635 1227 1713 senopidi
1241 1632 1320 1694 mre.
1356 1633 1421 1694 Jer.
1448 1641 1449 1728 y

191 1719 244 1796 25,
254 1721 307 1780 34.
321 1717 366 1779 lta
377 1719 456 1779 hone
467 1741 576 1782 morem
591 1721 720 1782 defendit
730 1722 907 1784 Dnraudus.
918 1722 951 1782 ln
963 1719 1072 1785 nostris
1083 1729 1180 1789 eutem
1195 1718 1334 1782 secludis
1352 1739 1422 1780 noos
1448 1739 1449 1798 q

191 1805 260 1883 ille,
278 1808 314 1866 ob
333 1805 431 1868 varios
447 1806 478 1867 in
494 1810 618 1885 eundem
635 1807 769 1870 inductos
787 1809 916 1884 abusus,
939 1807 1041 1870 morito
1057 1810 1218 1886 abnepotes
1235 1815 1301 1883 est,
1319 1825 1418 1886 prae-
1448 1809 1449 1886 l

192 1893 293 1956 sentior
310 1913 376 1955 oum
394 1890 498 1954 nullibi
514 1893 545 1954 in
562 1902 622 1956 toto
638 1894 783 1976 scriptura
800 1913 886 1958 sacra
896 1897 933 1961 de
946 1894 1168 1958 consecratione
1180 1893 1315 1956 ciuem
1326 1915 1420 1956 ,ιιιιιιιν
1448 1889 1449 1958 l

193 1982 289 2042 datum
307 1979 353 2044 vel
370 1981 533 2060 exemplum
550 1991 638 2045 extet.
1172 2029 1179 2038 .
1448 1967 1449 2054 l

280 2067 612 2146 Quadragesima.
653 2068 681 2152 ς.
706 2069 735 2131 l.
769 2066 1034 2148 Quadrngosimam
1065 2067 1151 2130 hodie
1179 2075 1287 2132 rorone
1312 2087 1421 2132 omnes
1448 2061 1449 2138 f

192 2150 262 2214 illos
279 2153 474 2234 quadraginta
490 2175 545 2216 sex
561 2156 648 2232 dies,
666 2155 715 2236 qui
740 2155 845 2218 fostun
872 2155 1030 2235 paschatos
1049 2153 1204 2235 quotannis
1225 2158 1419 2232 ammone,
1448 2183 1449 2228 ς

192 2261 246 2322 per
262 2259 336 2320 quos
350 2239 413 2302 dies
431 2261 449 2302 a
464 2261 562 2320 carne,
577 2241 615 2304 ab
632 2243 706 2320 oris,
722 2263 741 2304 a
756 2261 844 2306 caseo
856 2241 1032 2304 Christianis
1049 2241 1186 2306 omnibns
1201 2241 1415 2306 ehsbnondurn
1448 2235 1449 2284 3

193 2337 313 2408 potant,
330 2328 461 2406 exceptis
479 2349 534 2392 sex
558 2330 727 2406 dominicis,
754 2329 785 2390 in
809 2329 918 2411 quibus
934 2349 1056 2392 coenam
1080 2349 1197 2392 sumere
1221 2328 1300 2392 licet.
1334 2330 1416 2392 Nam

193 2414 318 2478 caeteris
336 2415 440 2478 diebus
457 2437 517 2478 non
534 2427 653 2480 sumunt
676 2417 735 2478 nisi
764 2417 916 2479 coenulam
942 2417 1005 2490 rel,
1028 2416 1417 2493 normandorum
1448 2431 1449 2494 ξ

194 2505 349 2582 quandam.
385 2504 471 2578 Quod
496 2505 531 2565 ad
554 2505 700 2586 jejunium
721 2503 976 2586 quadragesimale
1001 2503 1119 2580 attinet,
1146 2505 1181 2565 de
1206 2504 1268 2584 ejus
1289 2501 1417 2582 origine
1448 2523 1449 2576 j

189 2589 643 2664 ¹aeterumsententiaesariant.
678 2591 986 2671 chrysostom-us
1009 2589 1128 2651 homilia
1151 2597 1250 2652 conns
1264 2607 1334 2665 eos,
1359 2588 1416 2669 qui
1448 2601 1449 2654 ξ

187 2693 247 2752 per
263 2673 374 2758 pascha
386 2673 531 2752 jejunant,
548 2675 651 2748 refert,
667 2684 765 2753 patres
781 2677 812 2736 in
828 2687 973 2738 conventu
989 2677 1133 2758 quopiam·
1143 2678 1198 2738 hos
1214 2677 1418 2757 quadrugiata

194 2757 260 2818 dies
275 2755 406 2837 jejunio,
423 2759 580 2838 precibus,
596 2759 753 2838 vigiliisst
777 2762 971 2841 poenitentiae
996 2764 1170 2828 destinasse.
1201 2763 1415 2840 sunnonem
1448 2813 1449 2838 ,

165 2853 167 2857 ’
191 2845 335 2924 synodum
351 2853 464 2923 patrum
480 2845 634 2924 intelligat,
650 2847 679 2906 in
698 2867 755 2928 qna
769 2849 911 2929 y'ejnuiurn
928 2853 1104 2931 quadrages.
1121 2849 1268 2918 conditum
1285 2850 1336 2927 sit,
1354 2871 1416 2911 nen
1448 2843 1449 2856 ³

195 2929 339 3011 exprimit.
370 2931 497 3010 Nescio,
514 2953 612 2992 annon
629 2936 1117 3018 synodnmyNicen'amintelligat,
1144 2939 1231 3019 cnjus
1252 2946 1416 3018 pertotarn
1448 2947 1449 2982 ³

194 3015 341 3080 homiliam
360 3020 521 3078 crebraest
537 3019 653 3082 orontio.
678 3022 930 3100 Augustinus
947 3024 1365 3106 quadragesimale'jejunium
1380 3045 1415 3085 ex
1448 3031 1449 3104 ζ

195 3103 406 3164 consuetudine
420 3104 621 3166 ecclesiastica
633 3107 770 3186 paulatim
787 3112 920 3190 coepisse
938 3111 1085 3174 existimet
1095 3133 1144 3192 ep.
1156 3112 1229 3174 llll.
1240 3113 1279 3172 ad
1289 3112 1424 3174 dannan.¹
1448 3155 1449 3170 .

194 3189 250 3250 coi
269 3189 413 3250 consentit
429 3187 636 3269 Socrates,
648 3194 696 3275 qui
708 3193 778 3260 hist.
790 3194 901 3274 eccli,
912 3201 962 3262 22.
980 3199 1024 3262 sic
1041 3199 1159 3261 scribit:
1177 3206 1289 3260 Fretum
1304 3202 1415 3278 ¹pusulae
1448 3229 1449 3240 ι

193 3287 218 3337 ot
233 3279 386 3338 dominicos
402 3285 542 3357 passionis
559 3289 719 3343 nrenaoricm
733 3287 854 3362 mny'oreo
868 3293 975 3358 nostri,
991 3297 1075 3366 procl
1089 3294 1180 3348 ιιιιιιιιι
1195 3289 1269 3363 fnit,
1287 3305 1327 3347 cn
1343 3307 1413 3348 oete·
1448 3283 1449 3358 J

192 3365 336 3424 suetudine
351 3367 530 3430 celebrarunt.
561 3374 656 3448 Neque
671 3375 743 3432 enim
758 3374 810 3432 huc
824 3374 858 3432 dc
872 3376 1014 3437 rectiora
1028 3371 1279 3454 coapostolorum
1293 3393 1411 3452 proece-
1448 3401 1449 3418 ι

64 3472 67 3480 “
193 3453 270 3530 prom
285 3463 374 3516 artat.
394 3451 659 3536 Hieronymus
687 3458 939 3538 quadragesimam
959 3459 1278 3540 avinisprudentibas
1297 3459 1414 3522 noned-
1448 3485 1449 3502 ι

193 3548 283 3598 tutam
308 3539 442 3602 aslirmat.
472 3541 534 3602 Nec
551 3544 656 3620 obstat,
673 3547 751 3624 quod
767 3543 921 3624 epistbl.
938 3546 977 3608 ita
992 3546 1088 3608 dicat:
1118 3553 1181 3609 Nos
1199 3549 1413 3626 ‘reopootolico
1443 3545 1449 3616 'J

193 3627 340 3687 traditione
371 3631 613 3707 quodnupeoinrnm
646 3637 739 3697 ennom„
763 3637 881 3709 sphaco.
939 3633 1083 3714 Loquitur
1107 3634 1183 3697 enim
1215 3632 1327 3696 ibidem
1355 3652 1410 3694 nen

193 3711 325 3791 praecise
340 3715 375 3776 de
388 3714 512 3794 jejunio,
529 3719 580 3778 sed
597 3720 633 3778 de
649 3718 760 3780 unitate
781 3718 887 3798 jejunii
912 3721 1180 3800 quadragesimalis
1197 3720 1411 3785 conimbren—
1448 3793 1449 3800 ἵ

193 3797 326 3873 lanistas,
343 3800 391 3879 qui
408 3802 566 3882 quotannis
584 3813 643 3866 tres
660 3805 902 3884 quadragesimas
916 3809 1055 3886 agebant,
1073 3808 1158 3888 quasi
1176 3819 1236 3870 tres
1254 3808 1339 3888 pessi
1354 3808 1410 3870 sint

193 3883 371 3946 Salvatores.
403 3887 481 3949 binio
496 3889 587 3968 igitur
602 3889 818 3972 Hieronymus,
844 3913 932 3954 unam
956 3895 1025 3956 anei
1050 3895 1328 3975 quadmgesimam,
1355 3913 1410 3956 non
1448 3893 1449 3922 ³

193 3969 311 4051 plures,
338 3970 449 4034 Christi
464 3974 598 4056 exemplo
614 3987 643 4038 et
658 3977 865 4058 Apostolorum
882 3980 1028 4044 traditioni
1052 4001 1228 4060 congruere.
1255 3984 1343 4044 later
1357 3985 1409 4044 los

82 4081 114 4122 η
172 4057 354 4120 -sententias
371 4059 456 4120 nobis
482 4062 720 4142 probabilissima
743 4065 874 4143 videtur,
900 4086 976 4147 quae
1002 4067 1145 4148 originem
1162 4069 1409 4151 quadragesimae
1448 4113 1449 4122 ι

194 4166 231 4206 ex
247 4144 390 4207 ecclesiae
407 4149 617 4233 consuetudine
635 4151 755 4214 derivat.
773 4185 813 4200 -·
838 4154 866 4238 ᾗ.
883 4153 914 4215 2.
929 4153 995 4216 Alio
1011 4175 1095 4218 mens
1111 4166 1157 4218 est
1170 4156 1345 4234 Postifioiis,
1362 4151 1409 4236 qui

193 4229 449 4316 quadragesimale
474 4235 619 4314 jejunium
637 4237 786 4304 achristo
810 4249 840 4300 et
854 4240 1007 4322 sporrone,
1027 4241 1190 4308 institutum
1213 4243 1360 4311 udonem
1383 4248 1410 4300 ct

192 4329 290 4401 patres
307 4319 466 4380 nonnullos
483 4339 502 4382 n
519 4321 582 4382 suis
597 4321 707 4386 habere
722 4325 854 4405 partibus
864 4328 1008 4393 sidentur.
1033 4329 1184 4412 Expresso
1195 4331 1279 4394 enin
1294 4326 1407 4392 Basi-

104 4486 106 4492 .
171 4407 275 4494 ⁸lius
292 4407 346 4485 M,
357 4407 387 4468 in
405 4408 521 4471 oratde
532 4405 585 4472 40.
594 4410 782 4498 martyribus,
787 4413 933 4496 jejunium
949 4419 1157 4499 mroprsotele
1170 4416 1299 4484 divinam
1315 4416 1409 4498 tepeo
1448 4499 1449 4510 ἵ
