2916 4904
166 245 211 312 η
495 198 502 208 '
641 233 668 294 a
687 225 874 294 mumma

148 464 149 468 ,
169 415 253 478 toriis
268 413 413 486 urebant,
430 407 573 490 psalm
588 403 668 466 bure
683 398 811 464 subinde
824 400 973 460 canerent.
997 389 1040 452 Et
1056 405 1124 450 cnm
1138 386 1252 448 lamam
1269 382 1335 445 loeo
1357 401 1424 462 per

167 503 300 582 integros
327 503 439 578 septem
462 493 527 554 dios
552 489 787 566 continuaretur,
815 480 939 565 quilibet
962 478 1031 568 dien¹
1043 473 1198 558 peculiare
1223 489 1317 534 suam
1339 467 1420 530 Ho-

169 589 275 652 sianna
291 586 424 650 babebat.
456 577 612 640 Hosianna
627 585 722 636 antem
738 573 919 634 vorabantur
934 585 1036 628 omnes
1052 561 1163 645 hymni,
1176 579 1254 640 quos
1270 557 1305 618 in
1324 557 1421 618 sesto

170 672 423 738 tabernaculorum
441 684 548 726 canere
564 660 710 725 solebant.
739 660 809 721 ldeo
826 667 922 720 antem
935 651 1089 740 lloeianua
1103 650 1302 722 vocabantur,
1324 645 1421 724 qnod

171 761 284 842 singuli
300 773 404 822 uersus
421 753 477 813 lrae
492 769 564 813 rone
582 749 821 821 terminarentur,
846 741 968 824 proinde
985 749 1018 802 ut
1039 739 1117 818 apud
1134 731 1337 796 nos-*ennaea
1353 751 1422 793 sa-

171 869 222 912 cra
238 865 306 927 per:
324 839 462 918 nltetnjre,
479 837 546 900 vele
562 823 662 916 Κύριε
678 830 806 912 ἐλέησον
822 829 1024 893 terminantur.
1048 825 1210 886 Praeterea
1219 817 1335 882 ludaei
1350 839 1422 879 uo-

171 937 236 996 dem
253 932 329 992 leste
346 943 446 988 ramos
463 921 626 1004 pulmarum
643 929 671 982 et
686 918 846 994 olivarnm,
865 915 935 998 quin
952 924 980 977 et
996 922 1107 994 myrtos
1125 919 1156 972 et
1179 907 1294 970 salices
1311 925 1423 968 mann

170 1019 325 1099 gestabant
355 1021 383 1088 et
408 1009 585 1074 fasciculum
620 1007 689 1068 inde
713 1005 879 1068 conlectum
903 999 1038 1062 similiter
1061 997 1221 1061 llosiauna
1243 995 1423 1070 vocabant,

168 1107 246 1179 ideo,
263 1102 340 1182 quod
359 1097 477 1179 quoties
492 1096 524 1158 in
540 1095 654 1158 eanhco
670 1093 753 1154 illiue
769 1091 837 1156 festi
851 1089 1005 1153 llosianaa
1016 1094 1184 1160 caneretur,
1196 1079 1334 1164 populos
1355 1081 1423 1142 hos

170 1187 473 1266 fasciculosquatere
490 1193 519 1246 et
535 1201 650 1245 morere
661 1181 785 1242 solebat.
817 1176 952 1258 lienique
968 1175 1058 1238 moris
1082 1171 1141 1234 init
1164 1172 1248 1252 apud
1262 1169 1423 1244 ludaeos,

122 1327 147 1334 ..
171 1273 205 1338 ut
220 1275 252 1336 in
270 1273 362 1354 prima
380 1269 566 1334 institutione
590 1268 699 1330 liberos
724 1285 796 1328 sues
812 1263 965 1326 llosianaa
986 1263 1145 1332 docerent,
1172 1265 1361 1337 propterea,
1381 1265 1423 1316 ut

171 1365 229 1425 sub
247 1363 405 1422 adrentum
421 1356 555 1420 Messian
571 1355 611 1418 uti
629 1356 731 1416 eodem
749 1354 898 1414 commode
914 1357 1051 1430 possent,
1070 1348 1149 1426 quod
1166 1355 1195 1406 et
1212 1345 1271 1406 snb
1288 1344 1423 1404 adrem-

172 1459 233 1510 tnm
250 1443 361 1511 Christi
385 1435 429 1504 ita
452 1441 585 1522 contigit.
615 1440 696 1502 Alias
720 1441 820 1502 eadem
843 1435 1072 1501 dominicanae
1096 1430 1258 1496 lineium
1281 1437 1422 1508 mutum,

172 1535 226 1596 sed
245 1541 273 1592 et
288 1514 494 1610 indulgentiae
511 1527 844 1606 domiuiuavocabatur3
861 1545 919 1585 non
935 1523 1012 1599 ideo,
1029 1519 1108 1602 quod
1127 1539 1163 1580 eo
1180 1517 1231 1580 dio
1246 1517 1422 1599 poeaiten-

48 1609 52 1614 ⁵
171 1619 213 1682 tia
228 1615 432 1692 relaxaretur,
456 1635 593 1696 mamper
613 1633 750 1693 magnam
774 1613 983 1674 hebdomadem
1006 1606 1192 1688 poenitentes
1218 1601 1421 1684 rigidissimo

63 3885 74 3904 ⁴
174 3815 299 3892 denique
315 3835 403 3884 erant
421 3837 523 3913 uteret,

114 1718 118 1727 '
161 1705 324 1781 'rixernrte
340 1704 393 1764 scd
413 1701 493 1780 ideo,
511 1705 588 1782 qnod
604 1703 660 1762 hac
675 1699 820 1760 dominica
837 1697 896 1760 reis
914 1697 945 1758 iu
963 1715 1083 1758 earcere
1099 1691 1191 1755 reaia
1219 1693 1349 1754 daretur
1374 1701 1420 1764 et,

171 1801 204 1854 ut
230 1789 315 1850 docet
337 1789 518 1851 Ambrosius
542 1810 588 1869 ep.
612 1788 664 1854 ³3.
688 1789 724 1848 arl
747 1803 893 1860 sororem,
909 1781 1009 1846 debita
1033 1779 1252 1844 relaxarentur.
1284 1777 1421 1858 Antiqui

171 1875 261 1940 moris
277 1875 440 1954 vestigium
456 1877 554 1938 adhoc
571 1873 696 1936 Lutetiis
713 1873 743 1934 iu
760 1871 857 1935 Gallia
872 1879 1022 1951 superest,
1045 1867 1098 1930 uhi
1120 1868 1181 1928 hac
1199 1864 1359 1928 munimina
1375 1867 1419 1926 ad

172 1961 418 2025 intercessionem
443 1961 576 2042 episomi
599 1981 668 2022 reus
684 1959 792 2040 aliquis
808 1979 824 2021 o
842 1975 961 2020 earcere
978 1953 1141 2029 dimittitur.
1171 1952 1302 2017 Videtur
1318 1972 1340 2012 a
1356 1953 1419 2014 lu-

173 2047 256 2110 daeis
270 2046 345 2110 haec
361 2051 550 2110 conseretudo
567 2047 710 2127 coepisse.
743 2047 817 2108 Nam
834 2044 907 2108 ethi
926 2043 1006 2106 eirea
1021 2041 1134 2123 pascha
1161 2038 1335 2102 maleficum
1352 2037 1418 2100 ali-

172 2154 259 2216 quem
275 2133 418 2213 precibus
434 2134 500 2196 suis
518 2157 535 2196 c
552 2151 670 2196 carcere
685 2131 799 2194 solorre
815 2141 958 2212 poterunt.

192 2253 196 2260 ·
234 2219 593 2283 ‚Dies-viridium.
633 2220 660 2302 ᾗ.
687 2221 715 2292 l,
755 2219 884 2283 Vocatur
908 2219 985 2298 apud
1011 2225 1126 2278 veteres
1151 2214 1265 2276 lestnnr
1294 2211 1416 2289 calicis,

173 2306 245 2388 qnia
261 2325 296 2366 eo
317 2306 366 2368 die
389 2299 538 2370 institutio
562 2327 588 2368 s.
614 2305 810 2368 eucharistiae
825 2314 1009 2368 memoratur.
1042 2299 1418 2380 Dicitur·capitilariurn;

172 2409 240 2454 nam
274 2393 377 2454 eodem
406 2393 455 2455 die
482 2393 579 2474 oapita
601 2392 743 2454 inlautum
767 2403 797 2455 et
822 2391 1061 2474 baptizandorum
1085 2387 1168 2450 ablui
1181 2385 1352 2464 solebant,
1377 2407 1419 2447 ue

174 2477 315 2540 sordidati
339 2481 377 2539 arl
403 2480 586 2560 baptismum
607 2482 790 2542 accederent.
830 2479 896 2542 Vid.
920 2477 1054 2539 Dnraud.
1077 2476 1147 2538 aar.
1172 2483 1262 2553 temp.
1286 2470 1329 2549 h,
1359 2474 1418 2534 76.

172 2564 272 2658 Quam
288 2561 444 2640 antiquum
462 2587 534 2627 vero
557 2571 603 2626 est
626 2565 682 2624 hoc
705 2565 836 2624 hatumi
867 2563 966 2624 Prima
989 2571 1084 2626 aetate
1106 2561 1172 2626 dies
1192 2559 1242 2624 hio
1267 2577 1329 2620 mou
1355 2558 1420 2620 fuit

173 2642 326 2741 pecnlrare
345 2646 480 2722 lustum,
496 2651 550 2710 sed
566 2648 630 2727 pari
647 2646 822 2712 solennitate
840 2669 905 2710 eum
921 2648 1045 2730 reliquis
1060 2649 1169 2713 diebus
1186 2665 1318 2726 maguae
1333 2645 1419 2708 heb-

175 2729 318 2826 deumne,
341 2728 405 2790 Sed
424 2751 492 2790 curn
510 2742 613 2810 postea
627 2753 685 2792 non
696 2753 798 2796 omues
816 2733 880 2797 dies
894 2734 982 2818 hujus
995 2735 1179 2816 septimanae
1196 2731 1346 2796 solenm
1362 2754 1418 2796 os-

173 2821 257 2916 sent,
274 2831 388 2914 pmmps
413 2815 475 2914 init
488 2817 570 2878 Leo
585 2817 620 2877 ll.
643 2838 671 2881 a.
688 2818 757 2882 Ohr.
775 2821 849 2897 682,
866 2821 917 2900 qni
942 2822 1017 2884 diem
1032 2821 1171 2883 uiridium
1187 2821 1302 2882 iustum
1318 2839 1418 2901 peon-

174 2897 248 2956 hare
265 2915 331 2957 esse
346 2910 451 2976 jussit.
486 2901 573 2976 Quod
590 2904 626 2963 ad
651 2904 787 2966 ritusdie
802 2906 936 2968 uiridium
959 2907 1022 2970 fleri
1038 2907 1145 2970 solitos
1166 2907 1293 2984 attinet,
1313 2907 1419 2971 seien-

174 2984 314 3079 dnmest,
330 2985 415 3081 qnod
433 2984 507 3084 olim
523 2987 581 3046 lroc
598 2987 645 3048 die
663 2989 869 3071 competentes
886 2993 916 3054 in
934 2993 1091 3056 eeclesiam
1115 2993 1230 3056 fuerint
1245 2993 1363 3056 inducti
1389 3004 1420 3058 et

174 3064 292 3163 publice
310 3079 486 3128 examinate.
513 3071 571 3132 Ubi
589 3072 693 3135 iterum
710 3081 876 3156 notandum,
889 3079 920 3140 in
932 3080 1022 3143 reteri
1040 3081 1170 3144 ecclesia
1181 3080 1419 3144 catechumenos

141 3238 143 3242 V
173 3167 245 3244 erro·
261 3159 373 3244 turones
391 3151 575 3218 christianae
598 3157 682 3236 daei,
709 3163 759 3242 qni
775 3164 876 3226 relicto
893 3165 1067 3251 paganismo
1085 3167 1314 3249 vebjnmamn
1329 3168 1417 3231 fidem

175 3231 285 3330 Chmstr
298 3233 501 3339 docebantur,
514 3241 612 3304 fnisse
630 3245 715 3308 trium
732 3271 883 3329 generum
907 3251 964 3314 atii
981 3257 1301 3332 rocantnrAudirator,
1314 3255 1364 3336 qui
1380 3259 1417 3316 ad

175 3316 353 3416 auditionem
372 3324 457 3420 rerba
476 3330 641 3427 rutemplis
666 3335 906 3414 admittebantur,
930 3359 1005 3419 quea
1030 3351 1126 3404 autem
1152 3341 1256 3403 hahita
1273 3342 1418 3404 concione

175 3407 269 3497 statem
295 3421 379 3464 curre
405 3419 548 3486 oporturt.
587 3415 725 3482 Meminit
743 3418 921 3486 audientium
943 3425 1004 3506 jam
1026 3447 1080 3488 sno
1103 3447 1180 3489 aero
1195 3427 1418 3491 Tertullianus.

174 3483 433 3588 Ᾰῗῑψῠθῆῑξῑῑῑξίπι·
447 3500 647 3582 Gorupetoutes,
660 3507 709 3586 qai
727 3508 757 3568 iu
775 3508 830 3570 fide
841 3511 901 3591 jam
917 3509 1051 3574 instructi
1064 3513 1246 3594 baptismum
1264 3515 1325 3578 sihi
1343 3537 1431 3577 con-.

174 3565 245 3708 εἴξῃ
262 3567 428 3672 ”mulne
443 3583 597 3664 petebant,
609 3597 852 3669 quemadmodum
869 3596 955 3658 hodie
972 3600 1179 3678 competitores
1196 3601 1331 3664 dicimus
1345 3624 1417 3665 oua-

176 3734 194 3792 d
224 3659 299 3746 Ψ,
321 3673 373 3732 qm
394 3666 531 3728 eundem
556 3673 646 3734 simul
672 3681 796 3757 madum
819 3690 930 3760 petunt.
961 3683 1044 3746 Haec
1060 3685 1163 3765 petitio
1188 3688 1336 3768 baptismi
1344 3710 1417 3752 curn

195 3751 321 3794 ⁰¹¹¹¹¹¹¹⁰st
337 3741 508 3816 palmarum
526 3753 627 3858 lieret,
647 3766 748 3825 eadem
763 3769 901 3829 doruinino
918 3773 1133 3849 Gompetmrttum
1150 3775 1329 3837 vocabatur.
1361 3775 1418 3839 Alii

152 3943 155 3947 .
213 3897 280 3958 nti,
421 3913 428 3928 ,
476 3919 484 3934 ,
540 3861 591 3919 qut
611 3849 737 3924 peractis
754 3851 904 3934 scrutiniis
919 3852 949 3913 in
968 3856 1104 3922 examine
1122 3861 1311 3924 catechetico
1329 3866 1417 3944 probe

176 3919 210 3998 ⁴³?
233 3919 261 4041 ⁹,
282 3916 367 3966 ΜΝ
399 3915 547 4009 hemme
574 3930 720 4010 repetens
746 3937 835 3998 anem
867 3937 985 4020 arpa
1009 3941 1087 4005 aare
1114 3947 1248 4024 paena
1266 3951 1305 4011 ar
1323 3951 1419 4014 saser-

175 4003 244 4062 ΡΜ
263 4002 311 4042 “¹¹¹
328 3989 515 4100 baptismum
536 4030 575 4072 ex
586 4015 829 4116 Cpmpetentibus
849 4037 932 4088 erant
947 4027 1062 4090 delecti.
1087 4029 1181 4094 Plura
1196 4034 1312 4098 ban-de
1329 4059 1360 4100 re
1375 4038 1420 4100 ri-

177 4234 349 4299 dominicam
375 4261 551 4330 aecepernn

178 4324 234 4384 ,uo
249 4339 265 4382 Q
267 4319 386 4389 (1,er
404 4343 538 4416 aprunio
553 4274 581 4341 t,
593 4271 651 4342 ,ita
670 4297 726 4356 Per
749 4280 879 4362 reliquos
902 4285 966 4348 dies
991 4304 1117 4367 magnae
1141 4293 1333 4372 septimanas
1350 4300 1421 4364 haec

539 4391 548 4428 ,
567 4354 666 4422 donee
682 4363 729 4426 die
744 4365 878 4434 viridium
896 4371 1014 4454 publice
1029 4374 1220 4441 recitassent.
1248 4381 1330 4447 -Post
1347 4388 1421 4464 dicu
