2916 4904
523 273 560 335 de
580 289 749 354 parasceve.
1203 283 1250 349 33

34 435 178 516 viridium,
194 405 442 528 eun'synhotum
457 443 640 522 recitassent,
657 401 819 526 scrutinia,
830 448 860 508 h.
878 467 904 510 e.
921 447 1020 529 rigida
1043 445 1179 516 examina
1195 477 1248 520 ea-

32 525 170 588 techetica
187 525 292 588 subire
305 525 374 587 illos
393 530 526 608 oportuit,
537 541 569 593 nt
584 541 738 611 constaret,
751 553 819 596 num
835 535 919 616 digni
935 540 1044 615 essent,
1054 540 1103 620 qui
1121 542 1249 620 pascha-

31 612 63 673 tis
77 612 160 674 testo
177 612 407 694 baptizarentur.
427 651 465 662 -
494 615 522 699 ξ.
540 619 572 681 2.
595 619 765 683 Praeterea·
776 623 823 684 die
838 622 974 684 viridium
991 625 1180 706 poenitentes,
1199 629 1249 710 qui

31 699 171 780 incapite
198 701 445 781 quadragesimae
468 704 531 766 sive
555 705 607 766 dic
626 707 756 770 cinerum
778 711 816 771 ab
839 709 966 772 ecclesia
992 721 1074 772 erant
1099 713 1249 794 ejecti,·in

30 783 184 848 ecclesiam
203 789 315 852 reducti
332 799 419 866 sunt,
435 811 501 851 curn
518 785 653 855 ccclesia¹
670 795 849 858 reconciliati
874 805 903 858 et
921 799 999 860 ads.
1016 800 1248 863 communionem

28 876 119 934 denuo
136 875 274 937 admissi.
306 875 445 956 Sequiori
469 897 542 940 aevo
568 881 625 940 sub
651 892 760 962 papatu
780 882 854 945 varii
877 877 951 946 ritus
975 883 1006 944 in
1022 885 1098 948 diem
1114 885 1249 950 viridium
1332 927 1337 938 ·

28 961 130 1023 invecti
146 971 233 1023 suot.
263 963 338 1024 Nam
355 983 390 1023 eo
408 963 454 1024 die
472 985 631 1045 campanas
647 987 706 1028 non
723 968 856 1048 pulsant,
873 973 924 1032 ved
940 970 1058 1051 signum
1076 972 1184 1036 missae
1201 983 1250 1036 ta·

28 1049 90 1110 bula
106 1049 246 1110 daturin
262 1047 381 1128 signum
401 1049 509 1130 publici
527 1053 679 1131 moeroris,
693 1065 767 1118 teste
777 1057 919 1118 Durando
935 1057 966 1117 in
978 1059 1046 1121 leat.
1058 1068 1145 1141 temp.
1156 1058 1187 1137 6,
1198 1063 1250 1124 72.

28 1135 99 1210 Quin
118 1143 149 1197 et
165 1135 309 1198 Pontifex
325 1138 380 1198 snb
398 1137 490 1199 altare
506 1159 539 1202 se
555 1142 687 1202 recondit
710 1143 786 1203 etin
803 1144 911 1226 cryptis
933 1145 1138 1208 eucharistiam
1156 1147 1251 1209 conli-

28 1222 69 1284 rit.
89 1223 210 1294 Eodem
228 1222 275 1284 die
293 1223 421 1286 chrisma
436 1224 589 1304 pristinum
608 1229 788 1290 comburitur
800 1240 828 1291 et
841 1251 946 1292 nurum
963 1243 1161 1311 consecratur,
1173 1235 1250 1315 quod

28 1309 192 1370 allabiano
211 1331 288 1390 papa
304 1310 385 1372 eirea
401 1332 429 1372 a.
443 1311 512 1375 Chr.
524 1313 598 1376 240.
616 1313 656 1376 ita
671 1314 834 1378 iustitntvun
851 1319 943 1399 ajunt.
976 1319 1088 1380 Eodem
1105 1319 1153 1381 die
1169 1320 1250 1380 Pon-

28 1394 91 1458 tilex
109 1417 151 1458 cx
171 1396 313 1458 cathedra
329 1397 418 1470 Petri,
435 1418 522 1478 quarn
539 1411 653 1478 vocant,
671 1403 833 1466 haereticos
850 1425 960 1481 omnes,
976 1404 1005 1467 h.
1023 1427 1049 1466 e.
1066 1426 1085 1467 a
1099 1425 1134 1467 se
1150 1413 1179 1468 et
1195 1427 1250 1468 cn-

27 1483 65 1544 ria
78 1484 169 1545 Rom.
191 1482 419 1560 dissentientes,
444 1485 474 1544 in
491 1487 590 1566 specie
605 1489 791 1552 Lutheranos
807 1500 835 1552 et
850 1499 992 1572 quotquot
1007 1492 1184 1556 Lutherauis
1200 1493 1241 1555 la·

26 1577 87 1632 vent
103 1591 250 1632 eorumve
265 1569 359 1632 libros
376 1571 496 1650 legunt,
520 1571 652 1635 horribili
670 1575 752 1637 bulla
773 1579 1006 1640 excommunicet
1022 1589 1058 1640 et
1067 1581 1249 1654 condemnat,

28 1677 95 1737 quae
123 1656 348 1730 bullamoe'nae
373 1658 536 1721 dominicae
558 1661 655 1722 vocari
674 1662 758 1724 solet.
791 1664 903 1726 Eodem
928 1665 976 1726 die
993 1685 1092 1726 coram
1108 1665 1249 1728 Pcutilice

28 1744 182 1806 duodecim
201 1764 347 1824 pauperes
364 1753 542 1824 comparent,
558 1743 681 1827 quorum
698 1751 788 1828 pedes
803 1750 940 1812 Pontifex
956 1749 1051 1830 lavat,
1068 1753 1154 1834 cujus
1174 1773 1249 1817 cen-

29 1829 192 1892 suetudinis
208 1830 367 1910 vestigium
385 1830 452 1892 aliis
470 1853 584 1913 qnoque
602 1835 632 1894 in
649 1833 724 1896 locis
739 1834 835 1897 fuisse
851 1837 1038 1917 Augustinus
1056 1839 1187 1901 meminit
1202 1859 1248 1920 ep.

33 1919 84 1978 tls
101 1920 139 1979 ad
157 1918 284 1978 Jannar.
315 1917 427 1980 Eodem
451 1918 497 1980 die
521 1919 625 1982 altaria
648 1921 746 1982 omnia
774 1924 951 1986 ornamentis
976 1925 1040 1986 suis
1064 1928 1250 1986 denudantur

31 2013 53 2064 et
66 2003 163 2083 nigris
178 2002 279 2066 linteis
292 2005 480 2083 obteguntur,
492 1997 563 2085 quin
580 2016 608 2068 et
622 2007 761 2070 candelae
777 2030 878 2073 omncs
897 2018 1011 2091 praeter
1028 2031 1116 2073 unam
1133 2029 1249 2073 ceream
1357 2013 1364 2020 ”

4 2093 148 2169 ¹quadam
176 2111 269 2152 nraun
293 2090 426 2170 extingui
448 2091 551 2157 solent.
584 2095 630 2156 De
654 2095 759 2175 quibus
784 2097 833 2176 qai
855 2096 941 2178 plura
964 2095 1105 2178 voluerit,
1131 2098 1248 2162 Cenem.

30 2176 108 2240 Rom.
125 2177 280 2239 consulat.
311 2175 411 2242 Nostri
427 2189 548 2242 vocant:
573 2182 630 2242 deu
654 2187 769 2261 grinon
785 2185 984 2264 Donnerstag.
1017 2185 1105 2247 Ratio
1122 2185 1249 2246 nominis

32 2263 73 2324 vix
88 2272 220 2327 cunstat.
253 2263 401 2328 Theod.
420 2265 646 2328 Thummins
670 2268 701 2328 iu
727 2279 810 2333 tract.
836 2273 872 2331 de
888 2270 986 2350 lestis
1002 2271 1143 2332 rationem
1172 2273 1249 2332 hanc

32 2350 126 2427 reddit,
133 2354 214 2431 qnod
229 2371 297 2412 cum
310 2351 441 2418 arelacta
457 2361 559 2413 essent
571 2353 759 2416 sacrificial.
770 2357 821 2430 T,
831 2356 976 2433 Salvator,
985 2355 1159 2426 Davidicum
1175 2355 1248 2416 illud

33 2447 191 2514 germeuet
206 2436 293 2500 radix
309 2438 415 2514 Jecse,
434 2437 577 2498 inlocum
603 2438 751 2500 aridorum
768 2450 1017 2502 sacramentorum
1032 2441 1068 2504 V.
1085 2442 1124 2500 Τ.
1142 2460 1249 2502 ιιοιιιιιι

33 2543 145 2600 germen
161 2523 226 2588 sive
243 2545 353 2587 novum
368 2533 581 2587 sacramentum
599 2522 783 2604 plantaverit,
795 2526 880 2606 cujus
898 2523 1040 2586 beneficio
1057 2525 1250 2602 fider-nostro

35 2610 189 2674 revirescit.

106 2699 264 2760 Parasc
275 2717 290 2760 c
301 2719 342 2760 ve
359 2695 453 2778 (stille
469 2695 620 2776 Freitag).
651 2695 679 2778 §a
697 2698 725 2758 l.
759 2698 845 2774 Quod
861 2699 898 2759 ad
916 2697 1058 2778 originem
1074 2699 1164 2782 hujus
1180 2700 1249 2762 festi

34 2784 131 2862 attinet,
149 2783 308 2847 Eusebius
326 2783 517 2846 Constantino
534 2783 612 2845 hanc
629 2783 744 2846 laudem
763 2783 879 2860 tribuit,
896 2787 974 2865 quod
991 2785 1055 2848 dies
1071 2805 1249 2866 parasceves

33 2873 99 2949 apud
123 2891 233 2934 omnes
250 2870 444 2944 christianos,
458 2869 548 2948 fuerit
572 2869 748 2932 celebratus.
781 2871 839 2932 Sed
866 2891 920 2932 uos
946 2873 983 2932 ab
1000 2873 1160 2952 apostolico
1176 2894 1249 2938 aevo
1283 2921 1295 2927 -

34 2956 97 3018 diem
113 2977 299 3040 parasceves
316 2956 467 3018 solennem
492 2945 802 3034 luissearbitrarnnr3
831 2956 942 3036 primus
967 2967 1063 3018 autern
1087 2959 1143 3019 fnit
1168 2960 1249 3021 Con-

34 3045 187 3120 stantinus,
205 3043 255 3124 qui
272 3043 527 3124 imperialicdicto
544 3043 740 3104 solenniorem
756 3043 837 3105 fecit.
869 3045 955 3106 Certe
972 3041 1157 3123 Augustinus
1174 3044 1249 3106 diem

34 3127 226 3194 memorialem
243 3129 392 3210 passionis
407 3129 483 3190 inter·
499 3129 688 3197 oecumenica
704 3129 779 3191 festa
796 3150 861 3190 curn
879 3131 1019 3209 paschate
1036 3141 1064 3192 ct
1081 3139 1249 3211 pentecoste

35 3226 230 3280 connumerat.
253 3217 362 3278 Errant
376 3223 473 3295 autem
486 3215 641 3292 Pontificii,
653 3216 701 3295 qai
713 3216 743 3276 in
755 3217 893 3276 hannonem
911 3216 1027 3295 ligneae
1046 3217 1143 3279 crucis
1159 3214 1250 3298 para-

36 3323 143 3368 scevem
177 3311 297 3382 agunt,
323 3305 398 3382 quod
420 3297 591 3383 jamdudum
621 3301 654 3362 S.
678 3302 906 3380 chrysostomus
929 3303 1077 3364 homiliam
1100 3307 1136 3366 de
1163 3325 1250 3366 cruce

35 3387 153 3468 Christi,
175 3409 235 3470 qna
251 3409 359 3468 magna
380 3388 477 3450 crucis
495 3387 605 3450 Christi
630 3389 762 3449 encomia
778 3387 979 3464 continentur,
1005 3391 1051 3450 dic
1075 3409 1251 3468 parasceves

33 3469 175 3540 labuerit.
202 3477 264 3546 Sed
280 3475 375 3538 sciant
390 3475 514 3538 studiosi
532 3493 608 3536 sacr.
625 3473 745 3555 antiqq,
757 3494 832 3554 quae
843 3471 1070 3554 chrysostomus
1089 3475 1118 3533 in
1134 3475 1252 3536 laudern

36 3563 121 3626 crucis
139 3560 276 3644 protulit,
292 3563 404 3632 nonde
418 3560 501 3642 liguo
518 3561 633 3640 crucis,
651 3563 702 3622 sed
720 3562 757 3620 de
773 3558 912 3640 passione
930 3559 1037 3622 Christi
1055 3559 1186 3622 crucifixi
1202 3559 1252 3621 in·-

36 3648 118 3729 tolligi
136 3651 261 3711 debere.
276 3682 320 3696 —
346 3649 372 3730 §2
390 3649 420 3710 2.
450 3649 535 3726 Quod
559 3647 687 3709 aduitus
712 3645 770 3707 diei
787 3666 962 3726 parasceves
987 3645 1180 3722 attineaono
1195 3645 1252 3717 hoc

37 3733 76 3796 die
90 3738 176 3817 apud
191 3735 315 3798 Latinos
331 3733 495 3796 communio
512 3733 828 3814 praesanctificatornnr
853 3732 967 3814 agitur..
993 3734 1253 3818 Praesauctificata

38 3833 172 3886 vocantur
189 3821 337 3902 symbola,
355 3821 599 3902 praecedentibus
616 3819 720 3882 diebus
738 3830 920 3883 consecratu.
953 3819 1046 3898 Origo
1065 3841 1164 3883 eorum
1180 3823 1253 3884 haec
1327 3820 1330 3828 '

38 3915 89 3968 est:
106 3908 219 3972 Graeci
239 3929 290 3988 per
306 3917 393 3970 totam
417 3905 672 3988 quadragesimam
691 3905 772 3967 nullo
797 3907 844 3967 dic
863 3905 1069 3968 eucharistiam
1086 3907 1253 3982 conficiunt,

38 3993 85 4054 uisi
102 3999 230 4058 sabbato
250 3993 347 4066 et‘die,
359 3993 514 4056 dominico.
547 3993 636 4055 Ratio
655 3997 714 4067 est,
732 3994 809 4073 quod
827 3991 994 4054 sacrificare
1012 3992 1049 4054 sit
1064 4004 1147 4056 actus
1164 3991 1252 4055 laetil·

40 4077 85 4140 tiae
104 4092 135 4143 et
151 4080 339 4157 festivitatis;
364 4083 418 4142 sed
435 4101 488 4160 per
505 4079 760 4160 quadragesimam
777 4078 840 4140 dies
857 4079 987 4139 luctuum
1004 4089 1073 4140 sunt
1090 4090 1118 4142 et
1134 4098 1252 4142 moero-

40 4165 81 4243 ris,
99 4167 234 4250 exceptis
251 4169 374 4236 sabbato
393 4167 422 4230 tt
445 4165 492 4227 die
509 4165 665 4251 dominico.
697 4164 914 4233 Eucharistiam
931 4164 962 4224 in
979 4174 1060 4227 tauta
1076 4167 1161 4247 copia
1179 4185 1255 4226 con-

42 4263 280 4334 scaranensem
297 4263 409 4316 tantum
423 4274 475 4334 pro
491 4252 639 4334 praesenti
656 4251 936 4314 communicantibus
954 4252 1026 4315 satis
1044 4255 1091 4331 sit,
1109 4255 1160 4315 sed
1178 4261 1207 4313 et
1222 4251 1253 4310 in

41 4337 166 4422 reliquos
189 4339 253 4406 dies
277 4342 416 4403 abundet.
448 4339 522 4402 Cum
547 4339 637 4418 igitur
660 4342 695 4400 de
720 4337 861 4420 symbolis
885 4339 949 4401 heri
965 4353 993 4402 et
1016 4339 1126 4401 nudius
1152 4338 1254 4400 tertius

42 4427 217 4492 consecratis
242 4427 476 4506 communicant,
508 4427 581 4490 haec
607 4425 770 4490 communio
797 4425 1115 4508 praesanctificatornm
1139 4422 1255 4482 dicitur.

86 4536 151 4583 rste
164 4537 413 4612 scrutabamur.
446 4599 449 4610 s
812 4551 815 4560 «
1033 4521 1053 4580 3
