2916 4904
203 260 253 335 ΑΒ
335 266 341 272 ’
481 331 482 335 ,
692 257 975 334 ι·ΕίΙιοΙιιιιιιιι’

212 431 353 501 Obrimus
368 432 545 510 honoretur,
572 451 657 512 quem
673 431 810 512 virginali
838 388 921 502 nte—ro
944 430 1078 494 clausum
1093 427 1243 492 totenes
1257 425 1396 507 baptista
1413 409 1444 520 “i

213 531 297 583 utero
321 519 435 601 positus
460 519 532 580 miro
557 517 633 582 saltu
650 505 825 582 benevenire
850 521 905 580 luoe
930 517 978 578 die
999 515 1096 597 jussit.
1127 515 1227 578 Altera
1247 513 1327 576 ratio
1347 513 1444 668 huju]

210 607 279 669 sesti
298 616 354 684 est,
372 615 402 667 nt
420 604 597 666 Christianis
614 603 777 686 explicetur
792 605 911 686 insigne
929 603 1074 666 canticum
1090 601 1224 679 Mariae,
1239 603 1319 681 quod
1339 601 1444 682 ecclc¹

212 693 258 758 sia
273 713 390 774 semper
408 689 526 752 muximi
542 690 613 754 lecit
627 701 655 753 et
672 691 703 752 in
719 692 813 754 sacris
830 692 892 754 lere
910 691 1044 752 omnilms
1057 688 1218 770 usurparit.
1443 703 1444 754 ι

189 786 194 794 ’
299 782 457 841 Festum
483 777 592 838 Petri
621 789 656 840 et
680 778 806 840 Pauli.
839 779 961 842 Festum
977 777 1056 840 Petri
1073 787 1102 838 et
1117 774 1279 852 Paulinam
1297 783 1344 836 est
1362 759 1444 850 oderi

212 886 327 942 recens,
346 884 410 924 cum
429 863 494 943 ejus
510 863 570 944 jam
587 885 640 926 suo
658 885 730 928 aevo
748 865 921 936 Ambrosius
939 885 1027 928 serm.
1039 864 1076 942 ⁴(i.
1092 861 1271 940 meminerit,
1298 863 1371 925 duur
1390 857 1444 923 rel

147 971 152 994 ¹
211 953 277 1028 lert,
296 953 397 1012 eodem
416 950 463 1010 die
482 971 501 1012 a
518 950 702 1014 Christianis
718 951 852 1016 solennia
869 951 1003 1014 comicia
1018 949 1160 1034 instituta.
1193 947 1272 1026 Quin
1298 957 1328 1009 et
1343 948 1444 1034 Nicea

212 1040 323 1120 phorus
339 1038 368 1098 lr.
387 1058 413 1098 e.
430 1035 461 1112 6,
481 1039 532 1100 35.
548 1047 650 1100 auctor
666 1048 720 1114 est,
736 1041 812 1118 apud
828 1037 970 1116 Graecos,
986 1029 1444 1118 praesertim,Constantinopolin

211 1124 318 1187 lestnm
335 1125 413 1184 linuc
432 1123 508 1186 diem
526 1123 690 1190 celebrari:
708 1127 769 1186 lmo
786 1127 880 1186 adhuc
889 1125 1022 1196 Viennae
1039 1123 1069 1184 iu
1082 1122 1201 1186 Austria
1219 1123 1322 1200 eodem
1339 1121 1390 1184 die
1411 1123 1444 1202 im

212 1213 352 1274 honorem
370 1210 450 1280 Petri
468 1220 495 1272 et
508 1211 596 1280 Pauli
616 1211 790 1274 naumachia
805 1211 867 1274 sine
884 1231 986 1292 pugna
1002 1208 1117 1275 navalis
1134 1209 1233 1289 agitur
1248 1209 1279 1268 in
1295 1209 1444 1278 Danubio,

164 1293 167 1300 ¹
212 1297 359 1378 simulque
375 1307 528 1360 senatores
545 1308 573 1360 et
589 1298 725 1364 consules
741 1298 942 1360 conrivantur.
971 1298 1058 1374 Quod
1075 1295 1212 1374 advitam
1227 1293 1308 1358 Petri
1323 1295 1444 1380 attinet,

215 1407 252 1449 ex
267 1385 305 1448 N.
325 1387 364 1446 T.
391 1404 528 1463 magnam
554 1395 664 1465 partem
687 1384 740 1448 illa
765 1394 888 1450 constat.
921 1383 993 1450 Fuit
1009 1384 1115 1449 Petrus
1140 1382 1217 1462 inter
1234 1381 1394 1461 Apostolos
1414 1393 1444 1470 et

213 1477 310 1534 aetate
327 1481 356 1536 et
373 1470 474 1532 ordine
489 1471 619 1552 primus,
643 1471 711 1533 olim
730 1471 826 1534 dietus
844 1471 964 1548 Simon3
990 1473 1041 1534 sed
1060 1490 1125 1530 cnm
1142 1467 1292 1550 apostolus
1307 1467 1404 1545 tieret,
1423 1490 1444 1530 a

214 1557 341 1634 Christo,
353 1557 402 1638 qui
420 1557 502 1620 solus
520 1568 564 1620 est
580 1556 726 1622 ecclesiae
742 1567 834 1638 petra,
848 1579 952 1620 nornen
969 1557 1048 1619 Petri
1063 1555 1188 1636 accepit.
1202 1555 1309 1618 Mattio.
1320 1552 1374 1631 16,
1387 1559 1444 1624 18,

213 1643 330 1706 Dicitur
345 1643 435 1724 vulgo
455 1642 588 1726 claviger
615 1645 699 1722 coeli,
725 1645 955 1725 quodclnistns
982 1643 1025 1724 illi
1049 1643 1081 1704 in
1104 1642 1203 1723 specie
1226 1641 1326 1705 clares
1348 1643 1444 1720 regni

214 1729 362 1794 coelorum
382 1730 541 1794 tradiderit.
574 1731 708 1794 Graviter
723 1742 819 1794 autem
836 1731 939 1811 lapsus
957 1739 1016 1806 est,
1033 1733 1104 1790 dnm
1129 1740 1179 1818 ter
1188 1730 1284 1791 Deum
1307 1728 1439 1808 negauit,

209 1837 300 1898 ‚quem
316 1816 430 1896 lapsum
448 1825 506 1878 tam
524 1819 630 1880 acerbe
656 1817 748 1883 lentur
773 1817 961 1897 deplorasse,
985 1826 1018 1878 ιιι
1039 1837 1133 1896 genas
1159 1817 1275 1878 tandem
1296 1813 1444 1896 lacrymis

216 1903 367 1966 excavarit
384 1912 413 1964 et
432 1903 622 1983 strophiolnm
645 1906 682 1966 ad
698 1907 911 1985 abstergendas
935 1904 1081 1984 lacrymas
1092 1923 1246 1984 ,nunquam
1263 1924 1279 1964 e
1295 1901 1367 1964 ,sinu
1378 1905 1438 1980 ,de-

214 1990 355 2070 posuerit
387 1989 421 2050 ln
440 1989 590 2054 miraculis
609 2003 665 2052 tam
689 2001 812 2070 potens,
835 1999 868 2052 nt
884 1989 930 2052 vel
948 1993 1052 2052 umbra
1069 1990 1133 2071 ejus
1151 2000 1289 2069 aegrotos
1306 2009 1437 2052 sanave-

215 2076 261 2152 rit,
280 2078 358 2156 qnod
383 2075 487 2137 nullibi
512 2080 547 2140 de
571 2077 770 2167 ipso-Christo
793 2077 911 2158 legitur.
935 2074 1048 2154 neto,
1070 2079 1117 2144 15,
1150 2076 1293 2154 Caetera,
1311 2097 1381 2140 ,eum
1398 2098 1438 2140 ex

215 2162 309 2224 sacris
325 2161 508 2245 literissatis
525 2173 595 2226 nota
611 2163 679 2242 sint,
696 2163 897 2244 praeterimus.
924 2165 955 2224 ln
973 2163 1042 2226 laist.
1060 2161 1132 2226 eccl.
1148 2165 1184 2224 de
1196 2164 1283 2224 Petro
1301 2165 1435 2240 traditur,

216 2251 293 2329 quod
315 2247 486 2312 Antiochiae
510 2250 642 2330 [primum
675 2249 806 2312 docuerit
834 2249 937 2330 ibique
964 2249 1118 2312 ecclesiam
1143 2249 1320 2330 fundaverit,
1356 2249 1444 2312 Hinc

216 2337 312 2416 quoad
333 2335 516 2400 fundatorem
550 2335 676 2400 ecelesia
700 2339 835 2412 Roruauo
861 2357 920 2398 non
944 2335 1049 2413 hahet,
1080 2338 1157 2420 qnod
1180 2335 1377 2399 Antiochensis
1401 2357 1436 2398 se

213 2421 372 2504 praeferat.
405 2422 541 2486 Fundata
558 2423 730 2486 Antiochiae
748 2423 875 2497 ecclesia
892 2425 1017 2487 Romam
1033 2421 1105 2484 abiit
1116 2423 1271 2504 ⁴eidemque
1289 2422 1436 2486 eeclesiae

210 2503 354 2588 praefuit.
387 2509 522 2575 Fuerunt
537 2511 653 2591 quidem
669 2511 814 2591 superiori
836 2509 936 2574 seculo
955 2532 992 2573 cx
1007 2508 1117 2572 ¹nostrin
1141 2507 1290 2584 nonnulli,
1309 2510 1359 2588 qui
1376 2531 1437 2570 ue-

216 2603 334 2672 garunt,
350 2595 463 2656 Romae
479 2597 574 2658 fuisse
590 2597 718 2658 Petrum.
749 2598 809 2658 Sed
828 2597 897 2676 quia
919 2619 972 2675 pec
998 2595 1095 2658 omnia
1119 2596 1219 2660 seculo
1243 2603 1356 2658 veteres
1372 2617 1437 2656 un-

217 2677 351 2740 animiter
366 2679 440 2738 lassi
458 2690 542 2756 sunt,
559 2682 676 2742 Petrum
693 2683 806 2744 Romae
823 2682 935 2758 luisse,
951 2683 1034 2744 salua
1050 2683 1106 2744 lide
1123 2681 1261 2752 historica
1275 2681 1305 2742 id
1322 2681 1355 2742 in
1374 2685 1434 2743 du-

217 2763 297 2824 bium
314 2761 412 2823 vocari
432 2783 488 2822 non
505 2785 593 2844 posse
613 2765 735 2828 videtur.
763 2770 947 2853 Argumenta
968 2771 1110 2840 adversae
1135 2769 1227 2850 partis
1251 2767 1364 2830 erudite
1382 2790 1435 2830 rc-

217 2847 305 2910 solvit
326 2847 477 2928 Horuejus
493 2849 531 2910 ‘in
558 2871 651 2930 comp.
677 2853 745 2916 hist.
762 2853 835 2927 eccl.
868 2855 900 2917 ld
927 2875 995 2917 nero
1019 2855 1161 2918 incertum
1186 2866 1249 2932 est,
1272 2875 1311 2922 an
1329 2855 1435 2918 Petrus

217 2935 329 2998 Romae
348 2935 378 2996 in
396 2935 533 2998 cathedra
547 2936 659 3016 viginta
675 2938 803 3020 quinque
820 2961 913 3002 rennos
931 2941 1102 3019 continuos,
1119 2944 1196 3022 quod
1214 2941 1315 3009 nolunt
1329 2941 1434 3005 Ponti-

146 3073 151 3079 ,
217 3021 295 3098 ficii,
313 3021 438 3096 sederit,
456 3025 492 3084 ad
511 3045 598 3104 qnam
615 3033 736 3086 astantem
754 3028 784 3090 in
811 3028 888 3090 hunc
913 3049 1007 3109 usque
1033 3027 1109 3090 diem
1132 3025 1233 3090 nnllus
1250 3027 1386 3090 Pontilcx
1402 3027 1434 3088 in

213 3107 296 3192 ¹Petri
313 3107 451 3168 cathedra
467 3111 572 3170 sedere
589 3111 693 3189 potnit.
726 3113 812 3189 Quod
833 3115 870 3174 ad
888 3114 1057 3195 martyrium
1075 3114 1153 3176 Petri
1173 3115 1292 3192 attinet,
1314 3115 1434 3178 suerunt

217 3191 286 3254 lunio
302 3190 436 3270 apostolo
454 3194 546 3256 multa
562 3197 720 3258 certamina
736 3221 802 3263 cum
822 3199 1063 3280 Simonepirago,
1082 3201 1131 3262 cui
1148 3201 1293 3280 Romani,
1316 3211 1348 3261 ιιι
1364 3201 1432 3280 qui-

218 3280 284 3339 dam
300 3278 409 3355 nolunt,
425 3289 549 3344 statuam
567 3295 721 3346 erexerant
734 3307 799 3348 cum
816 3288 872 3348 lrac
884 3285 1092 3366 inscriptione:
1108 3287 1224 3351 Simoni
1236 3287 1345 3348 Sancto
1357 3287 1433 3351 Deo.

212 3364 275 3446 ‚Hic
292 3363 433 3446 impostor
451 3363 611 3450 aliquando
628 3371 730 3432 turrim
746 3373 878 3436 ascendit
895 3383 924 3434 et
945 3373 1030 3434 lauro
1043 3372 1217 3451 redimitus,
1241 3383 1274 3436 ιιι
1288 3371 1382 3440 ltenrn
1399 3395 1433 3436 se

215 3453 392 3538 ostenderet,
409 3453 440 3514 in
457 3455 570 3520 coelum
587 3457 743 3522 subvolare
761 3459 896 3524 instituit.
929 3459 987 3522 Sed
1006 3459 1144 3540 precibus
1159 3460 1356 3540 apostolorum
1371 3460 1433 3521 Pe-

218 3538 254 3599 tri
272 3551 300 3602 et
315 3539 400 3602 Pauli
426 3540 564 3620 delapsus
589 3547 725 3608 membris
749 3546 1009 3616 omnibnslraetis
1023 3545 1138 3608 ‘misere
1159 3545 1266 3628 periit,
1290 3556 1323 3618 ιιι
1344 3547 1434 3620 refert

219 3623 332 3715 cyrillo
365 3627 485 3690 Cateclr.
502 3629 630 3710 Mystag.
648 3633 678 3692 6.
705 3633 783 3694 Nero
801 3643 891 3694 morte
905 3633 1035 3696 Simonis
1052 3633 1182 3696 offensus
1199 3631 1346 3713 apostolos
1363 3653 1432 3712 per-

217 3717 301 3770 secut
355 3724 409 3790 est,
426 3713 549 3776 Paulum
566 3717 596 3776 in
614 3717 733 3780 vincula
749 3717 884 3800 conjecit,
901 3721 952 3780 sed
970 3719 1076 3781 Petrus
1092 3719 1342 3799 rogatu—fidelium
1360 3721 1432 3800 luga

106 3807 110 3818 ¹
180 3871 181 3880 ἵ
218 3795 275 3856 sili
294 3799 448 3885 consuluit.
482 3801 560 3863 Dum
576 3801 607 3862 in
622 3803 697 3882 fuga
713 3791 772 3878 est,
798 3815 920 3884 apparet
934 3803 978 3864 illi
998 3805 1158 3882 Dominus,
1183 3805 1233 3886 qui
1251 3805 1433 3886 quaesitusa

209 3879 305 3962 'l’etro
323 3905 459 3963 quorsum
476 3889 614 3966 tenderet,
630 3889 798 3967 respondit:
816 3898 874 3970 Epo
886 3898 1007 3958 Ιιοιιιαιιι
1025 3913 1116 3972 perpe,
1127 3903 1159 3952 ot
1173 3892 1261 3978 denuo
1279 3889 1432 3970 nundinor.

219 3967 297 4028 Tum
316 3989 384 4030 vero
403 3971 508 4036 Petrus
526 3977 561 4036 dc
577 3995 631 4036 sno
650 3975 785 4055 martyrio
804 3977 859 4049 lroc
885 3976 991 4038 dictum
1008 3978 1162 4057 exposuit,
1180 3977 1210 4038 in
1229 3981 1329 4040 urbem
1349 3977 1433 4039 rediit

220 4061 249 4115 et
273 4055 373 4116 eodem
397 4057 461 4135 dic,
485 4081 542 4140 qno
558 4059 670 4134 Paulus
695 4061 855 4124 decollatus
880 4073 941 4140 cst,
965 4063 1091 4126 inversis
1118 4064 1149 4126 in
1172 4063 1432 4143 coelnm‘vestigiis

218 4139 274 4201 fuit
291 4139 459 4204 crucifixus.
491 4147 573 4208 Haec
591 4145 743 4208 crucifixio
761 4149 839 4210 Petri
857 4157 885 4211 et
901 4147 1057 4215 decollatio
1075 4149 1127 4212 illa
1144 4151 1229 4212 Pauli
1249 4151 1317 4212 olim
1333 4151 1361 4210 in
1379 4171 1431 4212 ec-

220 4223 311 4290 clesia
326 4229 381 4290 snb
398 4227 485 4290 finem
501 4232 609 4320 mensis
622 4232 699 4316 junii
713 4235 831 4314 publice
848 4235 904 4298 fnit
922 4247 1153 4300 commemorata.
1187 4237 1259 4300 Cum
1276 4258 1341 4308 nero
1357 4258 1444 4314 con—¹

216 4335 326 4404 'gruum
343 4335 402 4376 non
419 4315 581 4392 rideretur,
596 4326 630 4380 ιιι
645 4319 795 4402 utriusque
812 4323 938 4402 apostoli
962 4323 1101 4400 memoria
1125 4315 1187 4386 uiro
1209 4326 1366 4404 eodemque
1383 4325 1429 4386 die

218 4410 368 4485 ageretur,
385 4399 551 4490 Gregorius
566 4401 611 4468 M.
628 4406 792 4474 instituisse
807 4409 917 4492 lectur,
933 4418 965 4472 ut
979 4409 1119 4488 memoria
1141 4411 1222 4496 Petri
1246 4410 1293 4474 die
1309 4431 1428 4492 praeoc-
