2982 4892
447 221 483 283 da
500 219 749 304 quinquagesima
762 223 909 306 paschali.
1023 201 1083 224 '⁴
1221 226 1286 310 273

70 411 189 470 sacra,
205 405 304 474 usqne
317 393 355 454 ad
371 390 462 470 diem,
489 412 549 474 qun
564 394 733 473 ,dacenses
750 392 853 466 Sancti
868 391 1002 476 Spiritus,
1022 394 1153 478 snperd
1175 398 1286 464 cstolos

68 480 188 558 accidit,
206 499 338 544 currens.
382 481 457 542 Nam
474 481 642 546 universum
658 479 731 544 illud
750 492 873 563 tempus,
890 502 948 562 quo
965 502 1030 544 cum
1048 417 1175 563 discipli

69 579 263 632 conversatos
290 578 335 630 est
352 567 507 646 Servatur,
532 579 564 630 ut
586 568 812 635 resurrectionis
828 589 902 632 snae
926 568 985 632 iilis
1002 572 1177 636 documenta
1193 573 1284 652 daret,
1333 589 1336 602 ¹

69 656 211 735 intelligit
228 653 406 738 Tertulli
417 676 460 718 uu
472 677 516 730 us
527 654 565 735 ἴ),
589 659 704 740 qnando
722 660 757 720 de
774 655 907 740 profanis
925 657 1009 738 quasi
1025 657 1206 740 triumphans
1224 661 1283 724 ait:

67 749 196 809 Etbnicis
212 746 294 806 semel
315 765 429 806 canuno
443 746 502 809 dics
517 750 630 825 qchqnm
644 747 734 821 sentem
749 755 806 808 est:
833 747 896 808 Tibi
911 747 1004 826 (apud
1021 745 1218 824 Christianum
1234 746 1284 826 lc·

68 833 183 913 quitur)
200 843 295 896 octooo
311 853 415 912 quamne
430 834 474 894 dio
487 831 523 910 (i.
538 853 564 894 e.
581 831 628 894 die
646 833 816 914 dominica).
834 839 958 912 mataps
972 835 1100 912 sinentes
1114 837 1283 900 sollennita-

67 932 108 984 tee
125 926 352 992 samanaeos·
366 922 489 986 ordinem
496 931 571 995 tace,
585 931 756 1000 mmcoeten
770 923 883 1001 implere
892 941 948 982 oron
958 931 1094 1003 poterant.
1126 923 1285 986 Psareterea

66 1007 194 1089 longono
216 1008 291 1068 illud
313 1005 499 1070 interuallum
521 1007 697 1072 clarissimis
717 1008 815 1071 verbis
838 1007 947 1072 iudicat
969 1010 1204 1076 Ambrosius
1221 1013 1283 1092 ”it

67 1105 200 1160 Maiores
223 1097 362 1160 teodidere
386 1098 464 1157 nobis
484 1105 656 1176 ,pentecostes
679 1119 773 1160 manes
796 1102 996 1178 qninquaginta
1023 1100 1096 1174 dies,
1120 1109 1154 1178 ⁴nt
1177 1103 1285 1180 pascha

65 1187 259 1260 celebrandos,
289 1190 355 1264 posia
378 1193 490 1246 octonae
512 1185 688 1246 hebdomadis
709 1191 820 1246 initiam
843 1194 1011 1263 pentecosten
1032 1188 1111 1262 fucit.
1144 1185 1189 1248 Ad
1207 1189 1285 1270 qnod

66 1271 142 1336 satis
159 1272 287 1352 longum.¹¹
297 1269 462 1334 festivitatis
479 1279 593 1352 tempus
609 1271 684 1351 ioris
700 1271 864 1353 respiciens
881 1270 1081 1336 Eusebius
1100 1295 1126 1338 c.
1142 1272 1163 1337 l.
1180 1290 1284 1358 pante-

65 1371 150 1424 coste
163 1345 374 1442 venetiensis
389 1355 452 1419 noio
468 1355 593 1439 dannaia,
611 1356 767 1440 μεγίστην,
784 1345 964 1438 accusando
975 1355 1027 1420 nai
1043 1362 1207 1443 annaniae.
1258 1413 1263 1418 .

158 1447 217 1510 Sed
235 1445 304 1526 quia
332 1442 405 1508 illud
431 1455 545 1528 tempus
567 1445 650 1508 initio
674 1446 739 1509 sine
755 1446 844 1508 dnbio
860 1444 1001 1508 directum
1019 1447 1076 1510 suit
1092 1451 1128 1510 ad
1153 1461 1284 1532 tempora

64 1531 348 1610 ludaeorum„inter
366 1553 441 1614 qnos
459 1543 529 1597 uate
548 1532 605 1596 fnit
620 1531 727 1614 religio
745 1533 912 1610 christiana,
939 1533 1064 1599 Asiatici
1081 1544 1176 1600 autem
1194 1541 1283 1602 Chri-

65 1622 156 1685 stiani
172 1619 254 1685 initio
277 1621 384 1682 festum
407 1620 563 1701 paschatos
583 1623 685 1684 eodem
703 1643 769 1684 cnm
792 1621 914 1684 iudaeis
940 1632 1068 1704 ternpore
1086 1621 1282 1705 celebrarunt,

63 1709 166 1775 Latini
184 1719 284 1784 cantra
301 1715 412 1772 mature
433 1729 466 1770 se
484 1711 521 1770 ab
537 1709 593 1770 hnc
608 1707 740 1772 instituto
758 1707 989 1788 distinguebant,
1008 1710 1162 1774 diversitas
1178 1714 1283 1795 auspi-

66 1797 155 1860 candi
173 1808 201 1860 et
216 1795 333 1858 liniendi
351 1795 625 1876 quinquagesimam
643 1794 674 1856 iu
684 1793 817 1857 orientali
837 1805 866 1860 et
884 1795 1057 1858 occidentali
1072 1796 1200 1872 eeclesia
1217 1807 1283 1864 ortu

14 1877 15 1884 ἵ
65 1896 128 1964 est,
146 1905 205 1966 qua
223 1904 276 1964 per
293 1880 450 1946 concilium
466 1883 609 1946 Nicennm
625 1882 783 1962 maximam
801 1891 912 1962 partem
928 1877 1061 1976 sublata,
1086 1894 1173 1952 autea
1192 1887 1281 1970 qnin-

64 1972 239 2056 quagesima
256 1969 403 2052 paschalis
419 1969 488 2046 fixa,
507 1992 586 2032 nunc
601 1968 719 2033 mobilis
735 1970 815 2040 facta
831 1980 875 2046 est
885 1967 952 2050 m).

1177 483 1202 547 is
1220 487 1284 560 suis
1378 505 1388 531 ·‘

153 2061 217 2124 Nee
231 2059 441 2140 improbandus
458 2057 503 2124 bic
520 2065 648 2120 veterum
668 2057 767 2135 aelus,
791 2059 869 2140 qnod
893 2079 909 2120 e
934 2055 1050 2140 vulgari
1076 2059 1282 2126 dierumsorts
1394 2078 1397 2087 “

66 2148 196 2212 eximere
213 2155 241 2209 et
256 2167 326 2228 prae
344 2143 468 2208 caeteris
485 2154 603 2208 sanctos
619 2148 727 2208 babere
738 2145 893 2210 voluemnt
909 2144 977 2208 ilios
995 2147 1067 2226 dies,
1084 2150 1191 2232 quibus
1206 2151 1282 2214 vitae

67 2235 200 2300 redditus
210 2236 350 2321 Sereator
368 2255 433 2296 cnm
451 2232 604 2313 discipulis
621 2253 772 2300 sermones
795 2231 912 2296 miscuit
927 2243 955 2295 et
970 2233 1104 2298 discessu
1120 2259 1175 2300 sun
1192 2239 1283 2302 rehe-

13 2397 14 2406 χ
67 2326 326 2406 ruenterturbatcs
343 2322 449 2386 blande
466 2331 494 2384 et
508 2320 638 2382 suaviter
654 2320 770 2401 erigere
788 2319 926 2400 diguatus
941 2319 1006 2383 init.
1034 2322 1112 2398 luter
1128 2324 1189 2402 ilia,
1207 2347 1282 2408 qnae

13 2419 15 2482 ὲ
66 2411 294 2494 ascriptoribus
319 2420 417 2474 notata
438 2406 706 2490 deprehendimus,
731 2428 784 2468 eur
800 2409 854 2482 hos
872 2405 934 2490 dies
950 2427 1020 2486 prae
1038 2405 1107 2474 aliis
1122 2422 1211 2492 eaput
1227 2434 1282 2479 ex-

66 2499 171 2564 tollere
188 2497 341 2574 volueriut,
359 2497 457 2578 Chry
468 2506 612 2560 sostom
623 2517 665 2558 us
685 2495 720 2574 i)
745 2493 889 2556 rationem
905 2493 986 2574 pouit
1000 2494 1032 2557 in
1048 2495 1156 2560 visibili
1173 2499 1302 2565 christi·

66 2597 134 2668 post
148 2585 391 2648 resurrectionem
408 2584 439 2644 iu
456 2583 540 2646 toreis
551 2582 722 2666 praesentia
732 2590 761 2643 et
775 2580 1086 2662 condiscipulum,
1105 2587 1281 2667 quodetiam

66 2685 170 2738 auctor
193 2693 358 2744 sermonum
375 2675 452 2750 ᾖ),
476 2670 525 2754 qni
551 2669 758 2732 Ambrosio
782 2668 966 2748 tribuuntur,
993 2670 1064 2734 facit
1081 2683 1110 2734 et
1126 2694 1247 2736 eausam
1262 2697 1284 2738 a

67 2761 285 2844 comparatione
298 2759 436 2842 temporis
454 2756 566 2840 pascha
576 2757 780 2840 praecedentis
795 2757 1044 2840 etlsnbseqnentis
1062 2761 1183 2844 subjicit
1193 2763 1282 2846 †††),

65 2889 300 2910 “a-Q·-

137 2962 166 3032 *)
185 2965 222 3017 ne
242 2966 378 3019 rasurae.
410 2981 433 3014 ο.
458 2939 497 3018 ri.
520 2980 543 3030 p.
566 2966 623 3016 noe.
653 2963 716 3013 eoos.
741 2961 838 3014 ramea.
864 2962 904 3013 co.
924 2963 955 3013 aa
979 2961 1061 3032 jejun.
1084 2981 1107 3015 e.
1127 2963 1153 3018 a.
1174 2983 1200 3033 p.
1219 2967 1281 3021 sue.

67 3039 98 3090 de
119 3052 212 3088 coreno
231 3035 304 3086 metit.
323 3050 346 3084 e.
366 3033 396 3096 l.,
416 3049 515 3098 exquo
534 3032 612 3083 etiarn
631 3033 778 3100 pariterue
798 3031 872 3096 aliis,
897 3032 1005 3098 probat,
1028 3037 1109 3084 totum
1128 3033 1190 3084 illud
1210 3036 1283 3102 quin-

67 3097 310 3174 qusginto'dierum
328 3117 342 3152 o
360 3102 483 3168 paschate
503 3101 614 3166 spatium
640 3101 754 3154 sollenne
776 3099 856 3150 inisse
876 3099 925 3163 iis,
955 3100 999 3167 qni
1020 3099 1123 3154 Christo
1141 3103 1215 3170 primi
1237 3121 1283 3154 no-

65 3189 124 3228 men
146 3173 287 3235 dederunt,
307 3178 334 3222 et
358 3177 520 3238 pentecostes
546 3167 647 3220 nornine
675 3170 797 3231 venisse,
824 3168 838 3219 J
848 3170 980 3220 acubus
1003 3169 1224 3224 Godolredus
1249 3173 1282 3226 ad
1339 3187 1343 3196 ·

67 3241 141 3296 L.V.
163 3242 224 3292 Gud.
246 3241 370 3291 Theseius.
389 3240 420 3289 de
439 3239 595 3304 spectaculis
613 3237 641 3303 §.
660 3238 686 3290 4.
710 3238 751 3288 ct.
774 3237 865 3289 Guil.
886 3237 1100 3304 Reveregius
1119 3241 1151 3291 ud
1164 3243 1226 3292 Gan.
1240 3247 1283 3298 37.

68 3312 192 3378 Aperiat.
210 3309 318 3390 incdit.
341 3308 434 3358 clerici
451 3315 553 3374 patrum
571 3305 660 3374 ripert.
680 3305 712 3358 Τ.
733 3306 754 3356 l.
780 3323 805 3373 p.
824 3308 886 3362 468.
906 3313 933 3359 et
957 3307 983 3358 in
1001 3310 1097 3358 'Codice
1116 3313 1179 3363 Can.
1195 3311 1282 3362 mndi-
1326 3309 1329 3319 ⁴

66 3381 345 3512 ΜωΧΨ.)ὃὲοιιιηιζιῐοιηὲ).1
364 3378 427 3500 ligi
447 3445 472 3496 in
490 3444 555 3496 Luc.
578 3460 601 3494 c.
624 3423 671 3498 1¹7:
684 3461 709 3511 p.
731 3460 765 3495 m.
786 3445 845 3496 176.

134 3515 198 3578 ***)
219 3513 276 3568 Nan
300 3521 415 3582 repetam
442 3513 633 3564 controversias
660 3513 691 3564 de
711 3513 834 3578 paschate
858 3518 958 3576 motas,
984 3513 1102 3578 inprimis
1121 3513 1190 3564 luter
1207 3512 1283 3585 Poly-

65 3594 165 3638 erotem
185 3583 324 3651 Ephesium
343 3590 370 3633 et
387 3579 687 3645 Victorem-itomanam,
706 3582 733 3631 in
751 3581 842 3634 mediis
860 3581 1092 3649 persecutionibus,
1112 3581 1283 3647 quibustuae

65 3659 237 3724 imperatores
255 3653 283 3702 iu
300 3652 438 3705 eeclesiam
458 3649 626 3714 saeviebant,
645 3651 741 3702 mutuis
764 3649 1071 3702 excommunicationibus
1083 3697 1085 3702 ,
1097 3649 1209 3714 agitatas
1235 3665 1283 3702 aee

66 3741 125 3776 cnm
144 3723 256 3774 decretis
277 3721 356 3772 Coun.
377 3719 435 3771 Nic.
461 3721 538 3786 pleae
559 3720 698 3770 extinctas.
733 3718 792 3770 Vid.
822 3716 933 3770 Thoar.
952 3719 1046 3782 ittig.
1068 3719 1194 3784 Appead.
1220 3719 1283 3770 diss.

67 3795 98 3846 de
118 3791 318 3844 mansuescite
337 3791 396 3840 aevi
411 3789 548 3853 apostolies'
565 3803 590 3854 p.
605 3787 717 3842 dii—65.
736 3794 763 3838 et
783 3787 874 3841 Solent.
892 3788 953 3842 laist.
971 3787 1031 3845 peel.
1059 3801 1117 3854 cap.
1138 3783 1170 3838 lt.
1190 3803 1218 3852 p.
1237 3791 1281 3844 79.

64 3863 137 3912 lob.
157 3859 314 3912 Schmidt
334 3858 396 3909 diss.
416 3857 447 3908 de
466 3857 704 3920 Quartodecimum
720 3855 791 3922 Lips.
814 3857 888 3912 1685.
907 3855 981 3906 Chr.
1010 3854 1102 3906 Frid.
1129 3853 1282 3908 Trasam-

66 3937 191 3984 center
209 3936 319 3983 costroe.
338 3926 457 3991 praecipe.
474 3932 543 3989 post.
563 3942 631 3979 cone.
649 3925 708 3980 Nic.
726 3925 901 3992 deposcitum
918 3933 1001 3976 ortam
1027 3923 1120 3976 Alteri.
1140 3923 1216 3978 1744.

135 3990 168 4060 †)
191 3997 265 4048 llam.
283 4000 310 4052 8.
333 3997 364 4047 de
382 3999 535 4046 ressurrect.
776 4039 779 4047 „
882 4033 884 4038 .

136 4067 191 4134 ᾗ)
213 4067 231 4117 l.
251 4081 275 4116 u.
301 4068 371 4116 Nam
393 4062 570 4113 indominica.
589 4064 871 4126 resurgensdalnoton
897 4077 1015 4111 reversas
1040 4062 1078 4112 ad
1101 4061 1214 4112 homines
1234 4069 1282 4126 est,

67 4145 167 4201 etpost
183 4135 395 4186 resurrectionem
418 4137 475 4182 tota
499 4131 717 4199 quinquagesimo
742 4129 883 4198 (potiorem
907 4130 977 4181 illius
1002 4137 1101 4198 [tutum
1125 4129 1284 4194 intelligite

68 4205 260 4256 resurrectione
275 4203 307 4253 ad
328 4201 583 4263 ascensionemteam
599 4199 742 4252 lammina
760 4207 927 4250 conumeratus
945 4202 1192 4252 aethnaeae-ium
1210 4215 1285 4264 erge,

67 4283 97 4324 at
116 4275 237 4341 aequalis
256 4288 342 4322 seruas
360 4272 393 4321 sit
410 4269 550 4335 festivitas,
570 4283 677 4336 qaorum
694 4270 814 4338 manalis
830 4268 958 4318 sanctitas
977 4277 1023 4320 est.
1114 4297 1116 4302 -
1191 4305 1194 4312 .

124 4343 216 4410 ,ἢῆ
234 4341 276 4392 sir
293 4341 359 4390 enim
375 4336 501 4404 disposuit
522 4337 658 4401 Dominus,
672 4345 704 4390 ee
716 4340 783 4388 sicut
806 4337 864 4406 ejus
881 4335 1003 4400 passione
1019 4337 1049 4388 in
1065 4335 1284 4405 quadragesimae

60 4411 177 4479 jejuniis
196 4411 422 4473 remaneremus,
447 4407 487 4458 ita
504 4407 563 4474 qnos
587 4409 777 4462 resurrectione
799 4406 828 4454 in
852 4405 1084 4473 quinquagesima
1103 4405 1178 4470 fenis
1200 4405 1285 4454 laeta·

67 4497 166 4531 semar.
890 4527 891 4532 ,
932 4525 934 4534 ,
966 4521 970 4531 ,

116 4564 184 4610 aas..
196 4561 302 4630 aaran
317 4561 387 4609 snas
400 4562 419 4608 n
431 4566 453 4608 2.
482 4549 490 4558 “
1041 4557 1084 4620 18
