2944 4904
149 255 265 330 ‘aaa
699 255 931 326 numma-
1025 289 1028 294 ·

201 465 205 472 ·
286 432 517 500 Celebratio
544 430 622 495 tliei
650 430 842 496 dominici
866 434 974 496 inter
1001 433 1269 515 recentiores,
1295 456 1424 520 prae·
1456 455 1457 494 t

196 523 334 588 sertim
359 517 863 604 temporereiormatiouis.
892 522 1334 606 Quemadmodumtemporibus
1354 547 1424 588 me·
1456 527 1457 580 l

197 611 239 676 uit
254 609 319 674 aori
343 608 516 690 religionem
534 627 705 688 amnemque
722 606 832 671 cultam
856 609 984 672 <lirinum
1002 609 1136 674 maximis
1152 611 1312 676 involutum
1330 620 1423 676 tene·
1456 629 1457 676 t

196 697 260 762 bris
277 697 455 779 plenumque
472 693 680 774 superstitione
697 691 951 776 deprehendimus,
974 699 1019 760 sic
1036 717 1152 780 quoque
1168 699 1293 762 maxime
1309 699 1424 762 dolen·
1456 717 1457 756 t

72 793 76 802 ’
196 787 275 864 eluar,
301 783 376 846 diam
402 780 577 843 danriuicuur
596 783 694 863 potius
718 781 812 846 fuisse
836 783 1014 865 neglectum,
1040 803 1126 866 quarn
1152 785 1205 850 rite
1224 784 1420 890 celebratum.

88 915 94 928 ι
194 873 263 936 Νοιι
280 870 356 934 euim
373 867 468 932 solam
485 867 597 948 judicia
612 868 644 929 iu
665 889 701 930 ea
716 876 889 949 agebantur,
920 874 1156 934 concedebantur
1171 874 1319 936 nundinae
1335 875 1420 938 alra-

196 979 253 1040 qne
269 955 390 1035 negotia
405 953 508 1016 illicita
525 956 775 1041 tractabantur'),
799 960 851 1020 secl
875 955 1134 1044 etiamssermoacs
1149 962 1185 1022 ad
1203 961 1341 1044 papulam
1358 963 1421 1025 lra-
1456 977 1457 1018 t

194 1044 248 1106 biti
265 1041 306 1104 ita
322 1051 405 1106 erant
420 1041 588 1122 comparati,
613 1053 646 1104 ut
661 1042 691 1104 in
708 1042 746 1104 iis
763 1045 860 1126 potius
884 1048 920 1111 tle
939 1046 1076 1127 operibus
1092 1047 1257 1126 meritoriis,
1274 1049 1418 1130 precibus
1456 1043 1457 1106 l

194 1133 231 1193 acl
247 1139 367 1192 sanutus
385 1127 514 1206 directis,
531 1147 617 1210 quarn
639 1131 675 1190 de
691 1151 760 1194 vera
777 1131 834 1194 litte
851 1131 1026 1214 pietateque,
1049 1155 1135 1216 quam
1152 1135 1296 1216 scriptura
1312 1159 1337 1202 s.
1356 1159 1418 1198 no·
1456 1181 1457 1188 ι

193 1217 240 1282 bis
258 1215 352 1294 tradit,
370 1226 519 1296 ageretur.
552 1215 700 1297 Tempore
718 1237 787 1282 vero
802 1219 982 1283 instauratae
1000 1221 1132 1302 puritatis
1155 1221 1308 1304 religionis
1326 1225 1418 1288 etiam

190 1305 260 1388 jura
285 1301 345 1366 diei
359 1302 515 1380 ,dominici
527 1303 647 1370 ,ritibus
671 1305 883 1385 superstitiosis
899 1308 1033 1390 abjectis,
1055 1309 1202 1391 scriptura
1218 1331 1242 1373 s.
1259 1331 1275 1373 e
1293 1309 1418 1392 pulvere

192 1393 336 1474 producta
353 1389 592 1471 orationibusque
614 1411 633 1453 a
656 1391 766 1454 fabulis
783 1395 925 1476 purgatis,
950 1397 1146 1460 reddebantur
1162 1407 1297 1480 totusque
1315 1399 1417 1464 cultus
1451 1467 1457 1486 ,

76 1503 80 1515 ·
191 1477 329 1560 publicus
347 1477 397 1554 ita,
414 1476 489 1538 utin
505 1477 632 1540 ecclesia
648 1479 805 1560 primaeva,
821 1479 962 1562 religiose
980 1485 1183 1548 exercebatur.
1216 1485 1315 1548 Nostri
1331 1488 1415 1552 enirn
1456 1503 1457 1524 ³

192 1563 233 1646 pii
250 1563 435 1644 professores
453 1567 574 1626 eandem
592 1564 677 1646 quam
694 1565 827 1648 Apostoli
845 1579 873 1629 et
888 1569 972 1649 primi
991 1570 1150 1634 Christiani
1175 1574 1210 1634 de
1228 1575 1414 1638 obseruando

191 1652 314 1714 sabbato
338 1650 477 1714 sorerunt
494 1652 679 1730 sententiam,
705 1657 781 1735 quod
807 1675 844 1716 ex
870 1656 966 1718 verbis
983 1658 1013 1722 b.
1034 1658 1153 1722 Lutheri
1177 1659 1208 1722 in
1232 1661 1412 1726 catechismo

190 1737 302 1819 majore
318 1737 439 1820 prolatis
466 1735 579 1801 ela'cett
604 1741 647 1802 elio
671 1744 789 1821 sabbati,
815 1746 927 1824 mondo
950 1747 1025 1806 aliae
1049 1753 1074 1808 ei
1096 1753 1137 1809 rei
1150 1769 1251 1812 cacare
1265 1770 1320 1812 aaa
1336 1753 1413 1828 licet,

189 1831 277 1887 atium
300 1835 327 1888 ct
349 1835 457 1906 tompus
481 1838 621 1904 minatur,
637 1832 723 1890 millai
746 1831 840 1894 dioino
857 1834 1032 1922 insaniendi,
1058 1839 1099 1894 ita
1116 1845 1147 1896 at
1162 1843 1357 1900 conuenientes
1372 1843 1413 1902 ud

192 1913 363 1975 audiendum
378 1923 404 1974 et
420 1915 602 1976 tractantiam
618 1920 671 1976 Dei
693 1919 815 1994 aerium,
839 1938 874 1978 ac
890 1920 1016 1998 deinceps
1032 1927 1121 1982 Donni
1144 1925 1265 2002 buniam,
1281 1928 1412 2005 ριιιῐιιιίε,

189 2006 307 2061 canucio
323 2009 350 2060 ot
365 2002 492 2080 proclino
506 1999 716 2084 laudemus**).
749 2003 835 2080 Quod
853 2003 941 2067 etiarn
957 2003 1083 2070 ulterius
1101 2009 1260 2088 coufirmat,
1277 2011 1303 2073 si
1320 2013 1412 2094 paulo

188 2093 258 2165 post
273 2085 348 2148 baec
365 2086 455 2148 rerba
470 2087 512 2148 ita
528 2087 674 2168 loquiturt
702 2092 856 2153 Sabbatum
870 2094 1048 2170 sanctificare
1070 2099 1141 2158 ἰᾶιιιι
1157 2108 1207 2178 eat,
1233 2121 1267 2160 aa
1281 2113 1411 2165 cunctane

187 2173 296 2248 noter,
312 2173 385 2254 quael
399 2175 470 2236 nibil
485 2176 574 2247 obad,
595 2195 678 2256 parom
693 2184 800 2240 conctis
816 2181 914 2256 aurbu,
928 2183 1056 2260 operiim
1073 2195 1098 2245 ot
1112 2191 1186 2246 citae
1200 2207 1310 2248 occare.

275 2258 512 2324 Gelebratio
537 2262 699 2324 sabbati
724 2263 833 2326 inter
855 2265 1180 2335 Mabome'danos.
1224 2273 1320 2336 Etiam
1337 2275 1410 2339 Ma-

185 2346 342 2408 boruedani
364 2347 474 2408 babent
495 2350 661 2426 sabbatum,
684 2349 760 2413 diora
784 2351 919 2414 nimirum
942 2355 1133 2420 hebdomadis
1156 2359 1325 2440 septimum,
1350 2385 1410 2445 quo

187 2432 328 2496 solennes
344 2445 506 2497 conventus
521 2435 685 2498 instituunt.
711 2437 873 2502 Sabbatum
891 2462 961 2504 uero
978 2461 1078 2506 eorum
1095 2467 1150 2508 uec
1167 2447 1230 2510 dies
1245 2447 1410 2516 bebdoma-

187 2519 235 2582 ‹lis
252 2520 395 2601 septimus
420 2531 472 2600 est,
499 2543 585 2603 quem
609 2524 692 2586 Deus
719 2529 864 2606 quondam
890 2542 1087 2613 praeceperat,
1113 2553 1167 2596 nec
1192 2535 1301 2615 panus
1323 2559 1407 2603 more

188 2603 433 2682 Christianorum,
450 2609 502 2670 setl
519 2621 622 2672 sextus
638 2631 693 2672 seu
709 2612 773 2674 dics
785 2614 930 2692 ΙἸιιιιιίες
947 2616 995 2680 aio
1012 2619 1073 2681 ates
1090 2623 1127 2682 ab
1146 2633 1263 2712 auctore
1279 2623 1406 2706 religio-

184 2689 241 2766 nis,
260 2711 347 2770 quam
365 2692 547 2771 confitentur,
563 2695 748 2775 Mahomede,
774 2697 866 2760 cultui
884 2702 982 2764 (lirino
1000 2718 1189 2772 consecratas
1206 2719 1258 2774 est.
1290 2711 1407 2785 Obser-

41 2846 45 2854 ,
146 2779 153 2786 “
184 2786 254 2840 aaut
270 2797 339 2838 vero
356 2780 491 2857 eundem,
512 2801 567 2844 neo
583 2792 616 2841 at
638 2783 741 2844 ludaei
766 2773 880 2850 rete'res
906 2810 940 2850 ac
957 2789 1090 2855 borlierni
1106 2797 1272 2878 sabbatum,
1287 2821 1341 2882 per
1358 2811 1406 2863 to-

184 2872 245 2925 taur
262 2859 336 2926 illud
353 2861 475 2946 planca
492 2865 646 2930 laboribus
663 2871 854 2952 abstinentes,
880 2895 935 2940 uec
953 2888 984 2941 ut
1000 2880 1160 2946 Christiani
1184 2883 1262 2948 tien
1278 2887 1406 2951 ‹lomini-

183 2970 260 3029 oum,
277 2971 367 3034 opera
382 2971 529 3032 manuum,
546 2957 751 3035 procuratione
770 2962 903 3043 corporis
918 2965 995 3028 baud
1019 2967 1164 3050 neglecta,
1182 2970 1404 3051 intermittentes

183 3047 212 3099 et
228 3040 265 3102 aa
283 3048 397 3101 noctem
415 3061 509 3120 usque
535 3041 565 3102 in
584 3052 685 3106 sancta
701 3043 905 3112 incumbentes
930 3053 1060 3134 negotia,
1084 3061 1135 3120 sod
1163 3068 1220 3122 tam
1245 3061 1296 3122 diu
1316 3065 1404 3126 modo

182 3124 353 3205 quotidiana
371 3127 491 3204 negotia
507 3140 665 3207 removent,
684 3134 823 3213 quamdiu
840 3137 936 3200 cultus
954 3141 1091 3220 publicus
1114 3147 1210 3225 durat,
1238 3170 1296 3230 quo
1312 3153 1404 3216 abso-

180 3209 243 3272 luta
258 3212 297 3270 ad
311 3207 432 3272 labores
449 3222 477 3274 et
499 3211 710 3280 oblectationes
734 3223 865 3288 redeunt.
898 3225 964 3288 Hoc
984 3229 1048 3310 ipse
1065 3231 1201 3298 Coranus
1224 3256 1278 3317 pro
1301 3259 1404 3304 aarum

180 3294 218 3358 iis
235 3315 332 3360 rerum
349 3299 561 3364 credendarum
580 3313 608 3366 et
624 3309 805 3386 agendarum
824 3313 917 3390 datus,
935 3316 1146 3398 concedit***).
1185 3321 1265 3386 llicit
1280 3341 1403 3408 nempe:

183 3387 208 3444 0
225 3401 287 3447 acro
303 3387 451 3463 credentes,
479 3393 590 3471 picando
607 3395 651 3454 ιΓιι
666 3404 871 3480 convocationis
894 3404 932 3463 ad
954 3425 1048 3484 preces
1063 3415 1204 3475 cacumini
1217 3412 1402 3492 pamposiae,

178 3483 326 3552 proparate
349 3475 388 3536 aul
411 3481 465 3538 Dei
488 3489 781 3560 connumerationem,
799 3494 906 3566 repotia
929 3505 1102 3556 mercaturae
1119 3503 1285 3562 intermisce.
1320 3505 1404 3578 Quod

177 3561 312 3636 majorem
328 3564 406 3624 cobis
420 3564 518 3642 afferet
535 3569 692 3642 utilitatem,
708 3577 735 3632 ei
750 3579 866 3635 sannio.
900 3579 955 3638 Sed
969 3583 1095 3658 precibus
1116 3591 1238 3664 peractio
1262 3589 1401 3674 ‹impaci-

178 3650 256 3722 mini,
273 3657 306 3708 at
320 3651 397 3712 cabis
413 3653 493 3728 labet,
510 3659 541 3714 in
555 3661 687 3733 rapinam,
703 3668 730 3718 ct
746 3661 853 3721 lacrimo
868 3683 886 3723 a
902 3664 998 3726 ‹iioina
1013 3669 1111 3742 facitis
1127 3672 1303 3748 macilentia
1329 3681 1399 3739 net-

178 3752 230 3811 qae
243 3741 404 3798 memoriam
429 3743 460 3799 in
474 3746 569 3801 naimo
591 3754 723 3820 reuocate,
748 3756 780 3806 ot
796 3749 873 3808 nobie
888 3751 953 3812 beno
968 3759 1016 3814 eit.
1047 3755 1201 3838 Religioni
1219 3769 1314 3824 tamea
1333 3783 1400 3826 tua-

81 3829 93 3852 ‘
179 3817 229 3899 gis
244 3821 395 3885 studentes
415 3835 525 3904 partera
541 3825 631 3888 huius
649 3827 706 3891 diei
723 3833 759 3892 ad
777 3833 925 3898 secularia
940 3840 1061 3920 negotia
1077 3845 1211 3908 adbiberi
1228 3849 1399 3932 neutiquam

178 3907 352 3986 approbant,
369 3929 385 3971 e
403 3913 547 3977 contrario
571 3915 761 3998 postulantes,
780 3926 812 3980 ut
829 3919 854 3983 is
870 3932 948 3984 totas
965 3931 1239 4011 praeparationibus
1254 3937 1293 3998 ael
1309 3937 1399 4008 ritem

176 3991 306 4056 futuram
330 4011 529 4066 consumatur.
570 4001 665 4080 Quem
690 4005 764 4068 diem
790 4007 876 4072 etiam
902 4020 981 4074 tanto
1002 4015 1113 4082 bonore
1137 4019 1258 4102 dignum
1281 4032 1396 4106 putant,

185 4172 416 4196 *a

241 4299 275 4405 :p
289 4303 459 4386 bipalium
478 4307 544 4372 orig.
563 4309 657 4362 eccles.
680 4309 727 4366 lX.
748 4317 792 4380 20,
811 4321 837 4370 2.
856 4320 884 4390 ς.
903 4324 930 4376 3.
949 4337 975 4390 p.
993 4326 1037 4380 26.

241 4369 384 4508 *ottae
403 4373 649 4499 aretenta
665 4379 923 4520 scabrae,
