2962 4898
338 265 541 352 memorabilia
557 259 639 336 circei
653 265 761 335 loetum
783 269 950 351 parebatur.
996 277 1000 308 ²
1046 306 1051 316 ·
1100 323 1104 332 .
1187 267 1259 334 m

131 440 182 506 Ex
196 438 363 524 munorum
380 441 716 507 sementiarocabulam
736 449 838 508 timere
856 451 1026 526 ebmbptnm
1049 454 1095 508 est
1107 451 1159 508 «ιιι
1173 463 1256 508 uoco

38 536 264 610 dualem-Fert,
281 531 351 612 quia
368 527 522 596 israelitae
538 551 741 594 maroccanos
756 553 873 614 azymae
890 533 920 594 io
937 532 1152 613 pasoltatesao
1167 542 1255 596 extu-r

36 617 149 681 lerint:
182 639 257 698 quaa
273 639 342 680 vero
358 619 502 681 sententia
521 626 577 680 tam
595 637 697 700 parurn
715 621 811 696 habet,
829 641 935 702 quoae
952 621 1142 698 commandit,
1159 629 1191 681 ut
1206 617 1255 681 la„

36 706 107 770 bori
123 705 275 786 ¹arguendi
298 706 406 771 erroris
422 708 571 770 commode
591 711 787 788 supersedere
801 709 960 788 possimus.

70 841 73 846 -
131 793 232 868 Plura,
250 795 397 874 quibusae
414 796 602 870 commendet,
620 797 706 856 babet
713 795 976 868 seoteadaeoruur,
985 794 1257 876 ontinenam·

38 880 161 946 natales
177 899 252 942 anos
268 883 375 944 dobere
391 881 490 947 dieunt
506 881 573 944 roei
591 887 679 946 oder
697 879 744 944 rel
763 891 895 961 b'ortorr¹
909 894 939 946 et
951 884 1019 964 jan
1046 883 1259 960 Grmpobmree

38 970 143 1046 ιη’),
159 971 268 1032 Bedam
284 969 430 1034 Venerat.
446 980 577 1046 secutas,
608 989 671 1033 ean
687 971 809 1050 remota
828 991 952 1053 eumque
970 989 1056 1052 quana
1073 967 1190 1050 plorimi
1205 987 1258 1028 se·

40 1056 105 1118 euti
124 1065 201 1118 sunt.
234 1057 356 1120 Veteres
375 1055 513 1118 Germani
538 1067 566 1118 et
587 1056 728 1137 imprimis
747 1057 884 1120 Saxones
911 1061 1126 1120 venerabantur
1142 1057 1258 1116 Lanam

41 1146 102 1208 sub
121 1143 239 1208 nomiae
261 1147 349 1208 Oeter
365 1165 391 1205 s.
407 1140 575 1222 amtor**)‚
594 1147 671 1224 qued
690 1143 875 1221 venabulum,
891 1146 972 1208 faeta
987 1145 1137 1208 literarum
1163 1163 1259 1220 μετα-

40 1230 150 1310 θέσει,
174 1251 260 1312 quam
280 1231 411 1312 proxime
427 1230 540 1292 accedit
562 1234 598 1292 ad
618 1252 722 1293 nomen
741 1238 872 1295 detortos
893 1255 918 1298 s.
943 1239 1104 1312 Aterpntea,
1130 1252 1187 1312 quo
1206 1227 1259 1292 Si-

41 1318 128 1381 donii
142 1319 227 1400 juxta
243 1329 330 1400 atque
347 1319 464 1408 Assyrii
491 1325 605 1380 Loaom
628 1319 904 1404 indigitabant***).
937 1321 1015 1382 Hinc
1038 1319 1146 1395 lunae,
1172 1337 1260 1400 quam

42 1409 102 1469 snb
130 1406 247 1468 nomine
273 1405 523 1469 0star'Germani
540 1409 775 1485 venerabantur,
796 1429 883 1472 sacer
904 1417 966 1470 erat
983 1417 1087 1470 sextus
1104 1403 1260 1488 quilibcta

43 1490 202 1558 norilunio
228 1493 354 1572 diesi),
380 1514 452 1575 prae
477 1493 583 1556 ceteris
607 1516 675 1556 vero
700 1494 796 1558 leatus
819 1495 881 1560 dies
900 1505 1003 1560 sextus
1021 1495 1131 1558 mensis
1147 1491 1259 1573 aprilis,

42 1581 96 1663 qui
121 1581 201 1648 inde.
223 1582 309 1646 etiarn
334 1585 551 1648 Eratororoootb
578 1581 784 1648 nominabatur
813 1592 842 1648 et
875 1585 944 1648 anai
973 1583 1089 1644 initium
1115 1581 1261 1646 ,iaciebat

43 1672 144 1748 Quam
162 1669 195 1729 in¹
208 1689 268 1732 ram
286 1669 453 1750 dignissimi
470 1677 539 1730 sunt
556 1671 612 1745 dno
631 1670 791 1752 lociltedoc
808 1677 916 1747 Vener,
932 1671 981 1752 ¹qui
1000 1669 1167 1744 afferantur,
1184 1684 1262 1754 unns

44 1757 96 1840 qni
121 1767 167 1818 est
184 1758 217 1818 in
237 1756 290 1818 lib.
315 1760 351 1820 de
365 1762 536 1838 ,temporum
561 1757 676 1819 ratione
694 1777 758 1838 cap.
779 1757 839 1834 13,
856 1759 930 1820 alter
948 1776 1031 1838 quern
1050 1757 1135 1822 nobis
1152 1758 1261 1837 Subest,

44 1854 216 1908 Mltosterors
241 1866 257 1907 a
282 1847 347 1908 cod.
365 1855 457 1924 mspto
476 1843 543 1906 libri
561 1847 597 1905 de
621 1847 799 1926 temporibus
817 1845 1021 1925 servarit††).
1040 1843 1180 1922 „Veteres
1197 1841 1261 1903 An-

44 1931 159 2013 glicani
185 1931 296 2016 populi,
323 1932 425 1994 scribit
442 1935 519 1993 Beda
534 1930 600 1993 loco
617 1933 779 2013 posteriori,
797 1943 1022 1996 numeraverunt
1048 1950 1164 1994 menses
1188 1947 1261 1990 saon

45 2021 209 2082 secundnm
234 2039 352 2081 cursum
379 2018 468 2081 lunae
501 2017 709 2102 appellantque
736 2021 832 2083 lunam
851 2029 972 2084 Moaem
991 2031 1019 2083 et
1041 2037 1170 2081 mensem
1192 2025 1263 2078 Mo-

44 2110 133 2172 ootb:
168 2109 354 2168 decembrem
380 2114 483 2170 cocant
501 2110 590 2186 Holop
616 2111 738 2170 Monotb
754 2107 774 2172 i.
793 2129 818 2171 e.
835 2127 951 2170 sacrum
968 2127 1118 2183 mensem
1140 2104 1262 2187 aprilem

47 2203 151 2258 Eooter
168 2192 215 2255 vel
231 2197 475 2258 Buteo-Monam
489 2193 510 2256 i.
530 2216 556 2256 e.
571 2193 742 2276 paschalem
758 2217 898 2272 mensem,
916 2197 1004 2277 idque
1022 2213 1040 2258 a
1056 2197 1111 2256 dea
1128 2194 1263 2276 quadam,

47 2282 279 2344 oui=Tcutonici
303 2281 404 2363 populi
430 2282 461 2342 in
486 2283 658 2362 paganismo
683 2281 828 2345 sacrificia
852 2284 985 2345 lecerunt
1007 2293 1137 2362 ternpore
1153 2279 1263 2341 menois

47 2368 169 2451 aprilis,
197 2390 272 2450 quae
298 2378 398 2432 Eoetre
423 2377 467 2430 est
490 2368 667 2450 appellata.“
705 2369 801 2430 Priori
826 2391 895 2432 vero
922 2369 987 2430 loco
1012 2371 1085 2430 laec
1106 2368 1262 2447 leguntur:

48 2457 174 2538 „aprilis
193 2457 450 2532 Bostar-Monotlr,
468 2457 518 2538 qui
536 2477 613 2516 nune
630 2455 779 2538 paschalis
797 2457 906 2520 mensis
921 2457 1146 2536 interpretatur,
1168 2473 1263 2534 quon-

48 2549 114 2608 dam
132 2565 150 2608 a
166 2546 222 2606 dea
236 2543 355 2606 illorum
374 2549 517 2625 (retorem
534 2539 831 2624 Angla-Saxonum),
848 2565 924 2626 qnae
943 2551 1041 2606 Eoetre
1053 2543 1223 2618 vocabatur,
1236 2547 1265 2602 et

48 2750 172 2818 Quamvis
197 2751 333 2802 admodum
359 2751 525 2802 verisimilem
544 2750 644 2816 quidem
672 2751 739 2801 bane
758 2763 829 2802 snam
851 2749 1025 2816 conjecturum
1045 2750 1153 2814 diceret,
1176 2747 1261 2799 album

47 2828 236 2940 {rnfflgsunm
259 2820 387 2872 calculum
415 2819 454 2872 illi
481 2820 594 2917 ademit,
624 2819 768 2870 rationibus
799 2821 900 2872 omnino
929 2835 978 2871 non
1003 2818 1196 2870 contemnendis
1218 2817 1263 2875 ad:

116 2955 133 2986 ᾖ
399 2958 406 2972 ο

117 2956 506 3094 *lJDiriilliiillbltei
523 3027 554 3076 a
574 3026 703 3078 saxonum
723 3027 791 3078 aaa
812 3027 905 3080 ostem
925 3027 999 3088 enm
1034 3027 1059 3076 m
1089 3021 1160 3104 titt..
1179 3020 1263 3072 area.

47 3097 72 3158 8,
94 3095 227 3150 ort-er.
265 3098 372 3160 Flr'igge
389 3096 431 3145 iib.
454 3096 495 3146 dic
517 3094 609 3146 Ostera
629 3096 675 3146 der
693 3096 762 3146 alten
783 3096 887 3160 Soxen3
915 3097 940 3146 in
961 3095 1097 3154 &daritim
1116 3091 1196 3142 Bottr.
1219 3105 1267 3141 zur

47 3163 146 3216 Pltilos.
175 3165 226 3216 und
247 3162 340 3216 Geacb.
362 3164 407 3214 der
425 3162 510 3230 Relig.
532 3165 584 3215 ond
602 3163 706 3216 Sittenl.
725 3169 750 3228 3,
771 3167 918 3220 att-245.
941 3167 967 3230 5,
986 3165 1118 3220 96-101.
1139 3165 1165 3210 et
1187 3160 1213 3211 C.
1231 3159 1264 3207 de

46 3233 250 3284 Minatiacum
273 3231 352 3285 Wold
372 3233 424 3283 und
444 3232 531 3299 lister,
555 3249 609 3284 arro
629 3233 803 3310 alttdcntscbo
822 3231 988 3298 Gottlreiten;
1013 3234 1039 3284 in
1062 3233 1158 3283 tirdter
1179 3227 1264 3292 Braga
1356 3261 1359 3272 .

47 3311 73 3354 et
88 3302 219 3354 Harmode
241 3306 266 3366 3,
290 3309 314 3354 t.
334 3304 367 3355 35
386 3317 422 3353 aa.

116 3371 182 3433 ***)
200 3372 260 3421 Ritz
279 3371 299 3422 l.
316 3387 339 3421 e.
356 3373 381 3434 5,
403 3375 448 3423 10:
468 3369 542 3435 „Sub
562 3372 663 3422 nomine
679 3374 772 3421 Eoetre
790 3386 811 3422 ι.
830 3374 938 3435 Ecstor,
957 3375 1061 3436 Εοιιιν,
1085 3372 1165 3419 Ostur
1182 3366 1264 3420 Deam

6 3467 8 3472 ·
46 3441 117 3492 illam
137 3438 245 3491 Graecia
261 3432 410 3506 Ἀστάρτην
428 3439 523 3490 dictam
540 3440 622 3491 latera
642 3447 756 3492 autumo.
786 3437 872 3489 Prima
890 3441 958 3492 enim
978 3440 1056 3490 litera
1079 3438 1150 3489 vocis
1169 3441 1266 3486 Eoster·

47 3511 109 3561 mibt
129 3510 255 3560 articulat
275 3509 379 3560 videtur
399 3523 456 3559 oasa
475 3507 612 3559 femininus
630 3502 656 3574 ἡ,
683 3523 756 3574 quem
777 3507 892 3574 plerique
914 3507 1102 3558 Germanorum
1121 3505 1268 3571 exprimant

46 3595 93 3646 per
111 3577 144 3640 E,
165 3579 203 3629 uti
221 3585 317 3630 notum.
344 3579 404 3629 Sive
420 3579 475 3643 jam
494 3578 566 3628 dicae
587 3581 675 3642 oster,
697 3579 772 3626 Orter
792 3592 812 3630 s.
833 3581 917 3626 Actor
942 3593 964 3628 a.
984 3579 1076 3640 Error,
1103 3573 1183 3624 babos
1202 3573 1267 3622 duas

47 3647 164 3716 ayllnbua
183 3647 283 3714 priores
302 3647 422 3698 dictionis
439 3638 592 3709 Ἀστάρτης.
628 3645 719 3698 Vocali
738 3660 790 3696 uun
810 3645 902 3696 saltem
927 3645 1004 3711 bajus
1024 3644 1066 3694 vel
1088 3641 1197 3694 alterius
1216 3639 1268 3703 ayl-

47 3717 125 3768 labae
145 3731 202 3768 cum
225 3717 277 3766 alie
296 3721 451 3783 permutata,
471 3716 598 3782 quadres
619 3716 688 3766 band
708 3715 844 3778 immina,
873 3715 974 3781 quondo
997 3729 1048 3764 vox
1071 3713 1175 3774 linguae
1195 3724 1268 3776 perc·

47 3787 138 3850 prinae
158 3785 184 3836 in
204 3785 280 3836 aliam
302 3785 449 3850 adoptatur,
470 3784 492 3833 si
511 3785 725 3850 permutationem
744 3784 871 3848 quandam
890 3785 997 3850 patitur.
1017 3780 1044 3832 ld
1065 3788 1153 3832 antem
1173 3778 1268 3845 passim

47 3853 115 3917 fieri,
137 3853 210 3919 nulli,
232 3851 274 3920 qui
294 3853 379 3904 studia
399 3853 542 3915 linguarum
561 3853 721 3904 diversarum
741 3853 784 3904 vel
804 3867 819 3903 a
838 3852 925 3904 limine
944 3853 1035 3902 saltem
1057 3847 1202 3912 salutavit,
1221 3845 1269 3898 ob-

48 3939 152 3974 scurum
172 3937 230 3974 asso
251 3929 346 3990 potest.
383 3919 478 3974 Ultima
496 3928 581 3972 autern
600 3921 700 3987 syllaba
718 3937 765 3988 per
783 3937 916 4040 apocopen
934 3922 1017 3972 deest.
1054 3919 1181 3970 Fortasse
1201 3915 1269 3967 enirn

48 3993 166 4044 Saxones
185 4007 201 4042 a
222 3989 348 4058 prinicipio
369 3989 521 4041 vocabulum
537 3991 586 4040 boe
604 3991 842 4058 pronunciaverunt
883 3997 966 4041 astart
984 4005 1006 4040 a.
1027 3988 1153 4050 antart,
1178 3992 1269 4054 postea

48 4069 135 4113 autem
155 4063 284 4114 Eomar.“
313 4059 442 4110 Prolixius
462 4059 493 4109 de
512 4058 619 4110 Astarte
637 4065 746 4122 egerant
766 4059 861 4112 Tleod.
880 4063 1002 4108 Heraeus
1022 4055 1168 4126 (expositio
1190 4069 1268 4106 veruo

49 4132 115 4192 oris.
143 4136 171 4181 at
194 4129 391 4192 significationis
416 4127 488 4178 vocis
510 4133 648 4192 Astarten)
677 4128 702 4178 iu
729 4127 792 4179 bibl.
815 4129 899 4180 liram.
917 4131 944 4189 8,
962 4125 1110 4182 707-744.
1149 4127 1269 4174 Karsten

51 4199 169 4250 Niebuhr·
186 4199 214 4250 iu
234 4199 378 4249 Veltlrtoen
399 4199 484 4248 Brem.
508 4197 564 4244 uad
585 4197 666 4247 Verri.
689 4197 822 4262 Megarica
847 4201 874 4260 3,
901 4199 951 4251 188
978 4211 1014 4248 as.
1053 4199 1084 4250 F.
1107 4193 1219 4244 Miirtter·
1242 4191 1268 4240 in

48 4269 174 4332 Religion
197 4267 223 4321 tl.
249 4268 400 4330 Katlrager.
418 4263 495 4328 Anapi.
522 4267 547 4318 2.
569 4265 703 4332 (Kaprai.
722 4269 782 4322 827,
800 4264 839 4334 4,)
856 4283 884 4331 p,
903 4267 938 4322 62
955 4281 991 4320 ῃ,
1015 4273 1042 4318 01
1062 4267 1094 4322 a·
1119 4267 1152 4316 Β,
1174 4260 1270 4314 Wm

47 4339 74 4389 in
94 4338 158 4391 titt.
176 4335 362 4388 Reatwtrrert.
381 4349 403 4385 t.
423 4335 449 4385 b.
469 4351 495 4390 v.
548 4335 552 4338 ’

116 4406 151 4469 †)
170 4405 273 4456 Plinius
291 4405 352 4457 bist.
376 4404 488 4459 natural.
508 4404 549 4470 16,
567 4417 625 4471 cap.
645 4403 693 4456 ult.

117 4476 173 4543 ᾗ)
195 4473 224 4526 ln
243 4473 453 4544 cosmographiae
472 4488 535 4527 auae
552 4472 599 4527 lib.
618 4477 645 4530 2.
