2916 4904
445 305 483 367 de
499 301 577 367 testo
597 297 712 386 p'nridc.
734 301 864 369 Mariae.
1218 307 1261 373 21

47 475 149 542 Christi
166 475 242 558 agit.
265 475 424 540 Praeterea
439 479 516 560 opud
526 475 722 558 Augustinnm
739 477 864 540 babetur
878 497 974 540 sermo
989 479 1043 543 23.
1060 483 1096 542 de
1113 479 1261 550 Simeone.

45 565 96 628 Sed
113 564 198 626 aliud
218 573 272 640 est,
287 565 439 627 historiam
452 565 600 628 Simeonis
617 585 780 646 exponere,
808 565 905 642 alind,
931 577 1049 648 propter
1065 567 1145 629 illam
1162 569 1260 631 histo-

44 653 108 713 riam
126 655 224 731 agere
242 651 319 713 diem
335 652 454 716 festum.
481 651 520 714 m
537 653 634 714 sciunt
650 651 774 713 studiosi
792 673 870 715 sacr.
883 653 1002 736 antiqq.,
1021 654 1127 715 multos
1146 675 1261 717 sermo-

43 759 98 814 nes,
115 739 167 820 qui
185 739 355 817 Augustino
372 740 557 816 tribuuntur,
582 739 741 814 Augustini
758 750 853 801 tamen
871 761 928 802 non
955 760 1032 802 esse.
1064 743 1261 804 Nihilominus

43 825 186 888 llaronius
203 823 324 888 laudem
341 827 448 888 conditi
465 828 556 907 hujus
574 825 644 887 t‘esti
655 825 775 888 Gelasio
793 827 921 908 pontiflci
939 849 1021 904 rom,
1038 829 1087 911 qui
1105 829 1157 892 30.
1174 830 1260 891 annis

43 922 102 975 ante
118 914 325 975 lastinianum
340 914 422 988 vixit,
440 913 550 974 tribuit.
586 919 654 988 llio,
677 912 788 996 inquit,
805 917 972 976 etbuioorom
989 921 1161 998 Lotpercolio
1178 919 1261 979 obro-

42 1008 109 1091 ppcit
136 1011 165 1062 el
182 1008 216 1062 ia
232 1003 378 1062 coroadam
402 1005 492 1061 botran
510 1003 610 1077 festam
633 1001 742 1082 prolific.
763 1009 878 1063 Mariae
892 1005 1044 1064 substituit.
1078 1003 1167 1066 Extat
1184 1025 1261 1088 qno·

44 1110 91 1168 qne
108 1087 212 1149 adbuc
228 1085 350 1150 libellus
368 1087 481 1150 Gelasii
498 1099 599 1149 contra
614 1085 792 1167 Lupercalia
808 1089 890 1149 urbis
906 1089 1029 1151 Romae.
1061 1091 1183 1154 Videtur
1198 1091 1261 1172 igi-

45 1187 84 1235 tur
98 1175 246 1238 Gelasius
270 1195 346 1256 papa
363 1175 493 1236 voluisse
516 1175 547 1235 in
565 1172 721 1236 ecclesiam
738 1174 844 1236 festum
863 1178 917 1236 boe
940 1175 1099 1254 inducere,
1125 1181 1176 1240 sed
1195 1177 1261 1240 sine

47 1263 180 1324 Caesaris
201 1281 353 1324 consensu
371 1273 399 1323 et
415 1262 587 1326 auctoritate
605 1281 662 1321 non
681 1263 820 1340 potuisse.
850 1263 967 1324 Primus
984 1263 1082 1346 itaque
1099 1265 1260 1328 initiasti-

46 1350 161 1425 uianus,
189 1349 241 1431 qui
263 1371 315 1430 per
338 1360 427 1412 totum
452 1349 605 1430 imperium
631 1348 949 1432 solennitatembujus
973 1351 1039 1412 sesti
1066 1373 1130 1412 cum
1155 1352 1262 1414 ellectu

45 1436 172 1528 instituit.
212 1438 238 1522 ᾗ.
254 1437 284 1499 3.
302 1437 387 1514 Quod
405 1440 442 1498 ad
459 1457 568 1498 moram
585 1435 777 1498 consecrandi
796 1455 897 1497 cereos
913 1438 1023 1512 attinet,
1036 1437 1111 1500 solet
1128 1461 1260 1501 commu-

44 1525 112 1585 niter
127 1527 189 1586 boc
208 1523 369 1586 institutum
387 1523 512 1604 Sergio,
528 1533 609 1604 pont.
627 1543 698 1583 rom.
714 1541 739 1583 a.
761 1521 830 1584 cm.
847 1523 1044 1597 otbsotout.
1071 1527 1117 1586 lle
1131 1549 1165 1587 eo
1183 1527 1259 1587 enirn

44 1611 78 1672 ita
93 1611 200 1673 scribit
219 1611 299 1676 Ordo
317 1612 484 1673 Romanus:
510 1617 624 1690 smptus
640 1631 716 1691 popo
732 1611 804 1685 festo
819 1613 953 1688 bppontcs
978 1615 1093 1674 litaniae
1109 1615 1218 1674 addidit
1233 1623 1260 1674 ot
1313 1611 1316 1616 ’

44 1721 125 1760 nereos
150 1701 321 1762 benedictos.
354 1699 461 1762 Verum
482 1697 542 1778 jaun
568 1707 636 1758 ante
654 1697 797 1774 ‚Sergium
822 1697 938 1759 Elidius
963 1699 1120 1782 episeopus
1144 1721 1171 1762 a.
1190 1701 1259 1762 cm.

46 1787 110 1847 tos.
128 1805 238 1848 cereos
256 1797 444 1848 consecratos
460 1785 489 1846 in
507 1779 633 1848 ecclesia
650 1783 780 1845 meminit
804 1803 962 1866 eorumque
979 1789 1115 1868 mysteria
1131 1787 1259 1868 exponit.

46 1871 120 1934 Unde
136 1883 242 1935 antem
260 1883 355 1934 sumta
371 1883 416 1934 est
431 1873 506 1934 baec
523 1873 718 1944 consuetudo,
736 1890 812 1951 quae
828 1891 889 1932 sec.
906 1871 969 1934 llll.
987 1875 1121 1954 coepisse
1137 1877 1259 1948 ridetur,

47 1959 236 2022 consecrandi
255 1958 382 2024 cereos?
415 1960 639 2040 Respondetur‚
664 1957 799 2038 coepisse
824 1957 1068 2020 aSatnrnalibns
1094 1961 1258 2040 gentilium,
1324 1969 1330 1976 “

47 2067 112 2126 quae
138 2067 244 2109 mense
270 2049 400 2110 decemb.
419 2049 585 2125 agebantur
608 2052 636 2106 et
661 2045 829 2126 cumprimis
848 2045 877 2105 in
895 2046 1098 2130 distributione
1117 2047 1258 2109 candela-

46 2155 101 2196 rum
118 2145 206 2196 crant
221 2133 327 2215 posita,
346 2143 418 2195 teste
434 2133 589 2194 Macrobio
605 2131 725 2194 Satura.
744 2133 766 2193 l.
797 2131 853 2192 Alii
872 2133 949 2194 bunc
966 2155 1074 2196 morem
1093 2135 1225 2196 derivant
1241 2153 1259 2196 a

46 2219 165 2284 llebruis
183 2221 348 2299 gentilium,
366 2223 444 2282 uude
462 2241 565 2282 nomen
583 2231 627 2281 est
643 2219 734 2282 mensi
756 2219 916 2281 februario.
950 2221 1015 2282 Hoc
1038 2235 1134 2283 autem
1151 2223 1259 2282 lustum
1362 2264 1372 2290 .

48 2307 165 2370 Romani
182 2308 380 2389 Proserpinae
395 2311 496 2388 'agere
521 2306 671 2378 solebant,
698 2326 785 2388 quam
803 2306 889 2367 Pluto
916 2310 953 2366 ob
978 2309 1113 2370 cximiarn
1137 2309 1258 2369 formam
1337 2359 1346 2370 .

52 2406 190 2474 rapuerat
223 2395 312 2458 Hanc
329 2394 420 2457 Ceres
443 2404 536 2457 mater
559 2392 693 2458 accensis
716 2393 834 2452 lacibus
851 2393 881 2451 in
907 2403 1002 2452 monte
1018 2396 1111 2454 Aetna
1130 2393 1259 2472 requisi-

53 2489 135 2544 verat.
166 2483 198 2544 ln
211 2484 303 2563 liujus
318 2483 360 2544 rei
378 2483 544 2544 memoriam
562 2479 698 2550 mulieres
713 2479 865 2540 Romanae
891 2478 962 2557 ipsis
990 2478 1050 2538 feb.
1075 2480 1135 2540 kal.
1151 2477 1259 2538 festum

33 2565 228 2631 -tomtmrion
246 2569 403 2646 habebant,
421 2591 478 2652 quo
494 2569 597 2632 urbem
614 2565 749 2626 accensis
767 2561 898 2625 candelis
923 2574 950 2626 et
966 2565 1134 2626 ardentibus
1150 2565 1258 2626 faculis

50 2667 128 2718 noctu
143 2657 345 2719 illustrabant.
378 2657 495 2734 Quibus
511 2675 579 2717 vero
604 2652 708 2714 ritibus
724 2649 812 2714 bodie
828 2651 857 2712 in
885 2651 1010 2714 ecclesia
1028 2654 1162 2716 Romana
1180 2653 1258 2714 cerei

50 2753 260 2819 consecrentur,
279 2744 309 2804 in
326 2745 523 2805 (larensem.
542 2742 572 2803 2.
591 2759 713 2821 operose
733 2739 926 2814 describitur3
945 2742 1181 2821 superstitiosum
1202 2760 1258 2802 au-

48 2839 94 2892 tem
108 2833 271 2914 plane-est,
289 2833 370 2913 quod!
382 2829 526 2891 Pontificii
543 2827 674 2890 candelis
694 2827 735 2888 ita
759 2828 938 2888 consecratis
961 2828 1113 2892 mirificam
1130 2829 1186 2893 rim
1205 2827 1258 2890 tri-

46 2917 133 3000 buant,
150 2939 212 3004 qua
228 2920 264 2979 de
278 2918 319 2981 ita
335 2917 531 2998 Naogoorgus
549 2915 600 2977 lib.
616 2913 647 2977 4.
666 2913 750 2994 regni
769 2914 892 2996 papist.:

135 3072 142 3078 ·
204 3053 274 3106 Mira
291 3062 331 3108 est
350 3054 465 3106 candelis
485 3053 543 3106 istis
564 3059 591 3104 et
607 3066 701 3114 magna
720 3056 844 3117 potestas.

206 3122 272 3175 Num
292 3129 458 3190 tempestates
478 3121 617 3172 creduntur
635 3119 727 3170 tollere
749 3119 834 3184 diras3

125 3231 129 3237 .
205 3191 287 3242 Porro
305 3193 446 3242 creduntur
465 3191 556 3240 sedare
576 3189 691 3238 tonitrua
710 3187 785 3249 coeli,

205 3259 350 3312 Daemones
367 3267 452 3326 atquo·
462 3259 543 3309 malon
562 3271 652 3314 arcere
670 3256 848 3320 horrendaque
867 3255 949 3304 noctis

207 3329 318 3396 Speetra
337 3336 414 3394 atquc
433 3327 562 3378 infaustae
580 3327 649 3378 mala
666 3325 798 3388 mendicis
817 3329 894 3388 utque
914 3324 1031 3388 pruinae.

207 3395 242 3448 Ut
256 3398 311 3464 jam
330 3413 380 3448 nou
401 3397 436 3448 sit
453 3411 516 3464 opus
535 3395 638 3446 Christo
657 3393 815 3444 committere
836 3398 939 3442 cuncta.

47 3517 68 3600 l.
85 3518 115 3582 4.
132 3519 182 3582 De
199 3519 296 3581 cereis
320 3518 400 3594 istis,
424 3537 499 3598 quos
516 3513 662 3576 Pontificii
686 3515 718 3574 in
741 3513 815 3574 testo
841 3509 1052 3592 purificationis
1076 3516 1259 3586 consecrant,

48 3625 147 3686 operae
164 3605 291 3688 pretium
309 3616 353 3668 cst
367 3605 469 3666 audire
486 3605 705 3665 Durandum
723 3599 856 3680 (Ration.
872 3599 904 3676 7,
925 3600 988 3676 7.),
1013 3597 1062 3677 qui
1079 3595 1123 3656 sic
1139 3595 1274 3657 scribita‘

48 3699 104 3756 Noa
117 3699 172 3757 loos
190 3697 235 3756 die
251 3715 342 3756 como
356 3703 510 3773 postumae,
525 3693 598 3773 quood
616 3694 707 3751 lumen
724 3689 796 3748 illud
817 3693 955 3765 pontium,
980 3687 1053 3765 quood
1084 3703 1189 3744 omnem
1207 3687 1258 3744 bo·

48 3787 140 3844 minem
155 3785 310 3858 muntiant,
326 3783 445 3842 denotat.
481 3785 552 3841 cero
565 3785 637 3840 enim
652 3775 763 3838 coruino
781 3777 883 3836 Gbristi
901 3773 1056 3852 sipniftcot,
1080 3778 1145 3852 qctio
1162 3793 1258 3851 qoem

48 3872 192 3932 admodum
217 3885 308 3932 mom
331 3873 480 3948 operatae
502 3873 574 3927 cotto
596 3865 760 3940 conficiunt,
785 3869 827 3923 tto
853 3881 918 3922 coco
937 3863 1040 3920 Glortetl
1063 3869 1194 3938 concepto
1218 3869 1260 3919 eat

47 3963 101 4018 rino
116 3959 247 4022 maritali
261 3977 416 4035 conpressas.
448 3961 556 4016 Lumen
580 3956 658 4014 illitos
680 3953 749 4012 cerel
771 3949 899 4010 deitatem
925 3948 1170 4023 Gloristldenotut,
1192 3951 1259 4025 quio

48 4045 129 4107 deitas
146 4053 179 4106 iu
195 4050 287 4106 romb
302 4049 377 4120 tynio
391 4063 554 4104 comminuens
569 4043 678 4101 diotbtr.
707 4037 890 4111 Lootoootmo
906 4035 1021 4114 maique
1037 4041 1161 4095 ontmom
1175 4036 1277 4093 Glari--

48 4139 81 4192 ati
94 4140 123 4194 tn
140 4153 227 4194 curor
244 4131 393 4209 siguificat.
426 4127 589 4207 Subiungit
614 4127 775 4188 Durandus
798 4121 944 4194 rationes,
970 4122 1006 4180 ob
1031 4141 1105 4202 quas
1134 4119 1180 4179 die
1205 4116 1258 4178 illo

49 4217 116 4281 testo
133 4218 296 4282 Gbristiani
319 4237 422 4280 coreas
447 4217 583 4278 ardentes
605 4213 713 4274 ierunt.
740 4214 845 4273 Voluit
871 4211 984 4270 coclerio
1006 4212 1056 4270 looc
1077 4209 1157 4268 modo
1174 4213 1259 4268 ritum

50 4309 213 4371 dlnborom
228 4312 373 4384 corripere.
406 4303 480 4366 Nam
505 4301 612 4364 ethuici
637 4320 752 4382 quoqne
777 4297 857 4359 eirea
874 4297 947 4357 baec
973 4305 1102 4376 tempora
1125 4293 1258 4353 accensis

51 4390 204 4457 luminibus
223 4395 327 4455 urbem
345 4401 374 4454 et
389 4409 459 4454 arra
476 4388 677 4452 circumibant.
708 4389 808 4450 Omma
824 4391 875 4446 iste
890 4403 999 4446 mouere
1017 4385 1191 4443 Obrtotluooo
1206 4381 1258 4437 de-

51 4481 96 4560 bat,
110 4495 140 4548 ut
153 4483 225 4562 tides
240 4487 366 4564 ipsoram
379 4501 431 4563 per
447 4483 519 4542 botta
537 4497 623 4560 opero
640 4495 734 4538 oetam
749 4475 906 4540 mmmmm
922 4475 1021 4544 locent,
1040 4466 1153 4525 dicente
1170 4461 1258 4520 Chri-
