2916 4904
445 289 483 350 de
504 287 580 351 testo
603 283 849 356 annotatoris.
1216 293 1259 358 17

38 458 145 524 fallere
161 465 192 522 et
208 457 351 521 minorem
368 477 438 522 esse
451 462 583 543 adeoque
597 462 658 544 jam
676 481 819 526 oouessc
834 459 1021 526 scribendum
1040 481 1068 525 a.
1080 463 1149 526 cn.
1162 465 1257 530 tuos.

36 551 87 610 sed
102 548 201 626 tuat,
213 566 273 627 qua
287 549 369 610 dere
382 548 505 611 studiosi
517 541 677 630 temporum
694 570 816 612 nomam
828 546 965 613 uolumen
980 550 997 612 J
1005 571 1033 612 o.
1046 549 1069 612 S
1080 551 1257 631 auligeri

36 640 69 698 de
87 636 237 698 emendat.
249 645 335 721 temp.
347 645 376 696 et
387 635 455 698 Cal
465 659 482 700 r
491 635 540 698 isi
551 636 560 696 i
578 638 699 716 isagog.
712 637 841 698 chronol.
852 658 879 699 o.
889 635 942 699 «ld.
954 636 1109 700 cmsulerc
1125 650 1259 718 possunt.

35 722 124 786 Soliti
138 721 217 784 alias
235 731 303 784 sunt
313 730 425 784 setores
441 723 472 784 in
488 723 558 786 nori
573 724 644 784 anni
659 723 735 786 felix
750 723 914 804 auspicium
926 723 983 786 sibi
999 723 1128 786 invicem
1135 745 1258 788 munera

36 811 162 872 mittere.
196 809 257 870 Sed
276 808 345 889 quia
360 831 424 872 roos
440 811 498 874 iste
514 813 551 872 ab
568 811 692 873 ethnicis
708 810 870 887 deseendit,
887 814 1017 892 synodus
1033 809 1258 875 autisiodoren-

34 899 75 960 sis
92 909 211 960 sumes
225 903 306 976 ipsas
321 899 474 960 diobolicae
490 908 576 960 roeat
591 909 617 960 et
632 919 724 962 omaro
745 901 884 977 prohibet,
908 919 944 960 no
958 905 1021 978 quia
1043 901 1099 960 lral.
1113 901 1178 978 jort.
1194 921 1259 962 rna·

34 987 156 1048 noscalo
173 991 275 1046 mittut.
297 983 434 1064 inprimis
450 985 573 1048 studiosi
589 1005 666 1048 sacr.
682 985 793 1065 antiqq.
806 987 960 1062 notabunt,
975 985 1007 1046 in
1021 985 1112 1048 reteri
1129 985 1260 1064 eeclesia

34 1073 96 1134 kal.
104 1073 172 1154 jan.
183 1091 245 1132 non
256 1069 331 1135 diem
342 1070 461 1150 lostam,
473 1075 527 1134 sed
538 1072 614 1135 diem
626 1070 726 1144 luctas
741 1072 849 1136 luisse.
873 1073 957 1152 Apud
973 1072 1105 1136 ethninos
1117 1084 1181 1136 erat
1195 1074 1260 1136 dies

35 1159 178 1224 laetitiae.
211 1157 251 1220 Hi
275 1149 350 1220 enim
376 1157 442 1223 kal·
462 1160 579 1241 januar.
603 1159 634 1220 in
660 1161 799 1226 honorem
825 1159 907 1235 Jani,
924 1179 942 1221 n
959 1181 1017 1240 quo
1037 1157 1142 1224 nomen
1166 1161 1260 1226 mensi

37 1258 90 1324 est,
108 1245 248 1308 rietirnas
266 1249 448 1320 mactabant,
472 1246 597 1310 choreas
622 1249 767 1326 agebant,
794 1245 911 1327 publiea
929 1246 1063 1310 convivia
1088 1259 1115 1310 et
1131 1249 1260 1312 nefanda

37 1331 211 1416 spectacula
234 1332 442 1412 instituebant,
466 1332 596 1414 pellibus
621 1355 655 1396 se
678 1333 851 1396 vestiebant.
894 1333 953 1396 Viri
979 1345 1077 1398 restes
1100 1334 1260 1398 muliebres

36 1424 205 1501 gestabant,
218 1439 293 1500 quae
309 1421 429 1484 mutabo
446 1421 568 1484 restium
586 1421 683 1484 adhoc
700 1419 822 1482 dicitur:
838 1421 1024 1486 Mummerei.
1055 1422 1160 1486 llorum
1169 1422 1260 1486 Chri-

36 1509 127 1571 stiani
143 1514 261 1572 ueteres
278 1509 379 1570 eodem
404 1507 451 1571 dic
464 1509 668 1590 jejunabant,
680 1507 799 1570 litanias
817 1509 963 1570 canebant
987 1518 1016 1570 et
1040 1508 1087 1588 pio
1112 1509 1260 1590 dolebant,

36 1599 131 1662 [teum
147 1605 207 1658 tarn
225 1594 363 1657 atrociter
377 1594 444 1676 ipso
460 1595 529 1656 anni
547 1595 631 1656 initio
656 1597 694 1659 ab
720 1594 844 1658 ethnicis
867 1594 985 1656 olleudi.
1018 1595 1180 1675 Eleganter
1203 1596 1260 1660 hae

38 1687 71 1746 de
88 1705 122 1746 re
138 1681 317 1744 Ambrosios
333 1682 434 1759 (serm.
452 1683 488 1746 ll.
504 1685 540 1745 de
556 1680 619 1746 kal.
634 1683 730 1763 jan.):
756 1689 828 1759 Noa,
844 1681 948 1764 inquit,
965 1684 1259 1762 iambicinum

38 1784 67 1834 ot
81 1775 187 1834 ethuici
202 1772 368 1848 intelligant,
382 1777 508 1850 ipsoram
521 1773 627 1849 poradta
637 1772 757 1847 jejuniis
772 1777 877 1832 nostrie
901 1772 1088 1832 condensari.
1120 1770 1260 1834 Pluribus

38 1857 282 1940 jejunium‘isturl
300 1856 379 1918 Ordo
395 1857 564 1934 Romanus,
588 1855 637 1938 qui
661 1865 728 1918 ante
744 1855 818 1922 baec
835 1866 899 1918 octo
916 1877 977 1920 sec.
1002 1856 1137 1919 conditos
1154 1867 1213 1933 est,
1231 1867 1261 1920 ct

40 1945 124 2006 Albi
135 1964 212 2006 nus
229 1941 405 2005 Flaccus
429 1943 471 2023 (iu
488 1943 539 2006 lib.
557 1946 593 2005 dc
611 1942 700 2006 disin.
716 1942 793 2006 offic.
810 1965 836 2006 e.
850 1945 897 2020 4.)
922 1954 1080 2023 exponant.
1112 1941 1260 2007 Paulatim

41 2031 65 2092 bi
88 2030 200 2094 ethnici
225 2049 324 2092 mores
345 2030 376 2090 iu
404 2031 499 2112 ipsam
523 2029 679 2094 eeclesiam
704 2029 895 2112 irrepserunt.
935 2030 1012 2094 Hine
1037 2029 1126 2112 prisci
1150 2039 1259 2112 patrus,

42 2117 212 2200 praesertim
229 2115 572 2198 chrysostomushomil.
588 2122 619 2179 in
635 2119 752 2214 epsdem
769 2119 917 2180 cavendos
931 2117 1046 2194 habita,
1062 2117 1193 2198 'graviter
1209 2140 1259 2181 re-

42 2207 240 2287 prehendunt,
257 2207 330 2286 qaod
344 2207 402 2268 hol.
420 2208 491 2284 jon:
503 2209 541 2267 cd
555 2209 697 2285 pontiliano
713 2227 816 2269 morem
840 2211 944 2268 oleant.
978 2205 1060 2282 Quin
1083 2215 1112 2268 et
1133 2203 1260 2268 eoncilia

41 2303 145 2371 exunt,
161 2291 274 2374 quibus
291 2291 378 2354 iidem
395 2313 491 2354 mores
506 2292 536 2354 io
554 2292 733 2356 Christianis
748 2300 895 2355 notamur.
928 2292 1076 2354 Martinus
1092 2293 1259 2372 lbraearen-

44 2380 87 2442 sis
99 2381 147 2458 liu
162 2379 280 2443 collect.
297 2401 321 2458 s.
339 2399 482 2442 canonum
500 2401 527 2442 e.
545 2380 612 2458 37.)
630 2401 668 2452 ert
684 2379 801 2458 graccis
819 2378 952 2440 conciliis
969 2398 1058 2458 saepe
1081 2379 1259 2458 prohibitum

42 2465 180 2544 ostendit,
194 2489 225 2529 aa
241 2474 305 2548 qais
319 2469 363 2528 dte
381 2469 513 2545 januarii
528 2474 619 2546 panto
631 2469 743 2526 donnum
757 2485 839 2526 arent
853 2467 937 2526 uiridi
955 2468 1039 2526 lauro
1053 2467 1152 2526 althea
1165 2472 1261 2526 olma-

39 2557 111 2616 tibus
126 2555 259 2618 orborum
274 2559 364 2616 ronna
379 2561 480 2634 otnpan
512 2553 592 2630 Quia
609 2561 638 2614 et
661 2571 789 2613 canones
813 2549 1036 2630 poenitentiales
1061 2549 1147 2612 trium
1165 2571 1260 2614 anuo-

41 2663 99 2704 nnn
117 2638 410 2728 poenitentiamqillis
424 2639 600 2722 injungunt,
619 2638 668 2720 qai
684 2637 745 2700 kal.
760 2638 878 2718 januar.
903 2639 1104 2700 observarunt.
1136 2638 1180 2700 lta
1197 2639 1259 2719 igi-

41 2740 82 2790 tnr
106 2729 138 2792 in
153 2728 252 2792 veteri
275 2727 403 2791 ecclesia
426 2725 487 2790 kal.
502 2727 565 2809 jan.
581 2725 816 2808 apud‘=etlraicos
840 2724 957 2806 gaudii,
982 2727 1060 2806 apud
1076 2725 1260 2789 Christianos

38 2817 94 2880 dies
110 2817 215 2879 luctus
231 2815 360 2878 fuerunt.
377 2849 415 2862 -
433 2814 469 2898 §.
485 2814 515 2876 2.
532 2813 648 2878 ttotito
673 2813 846 2894 paganismo
871 2812 951 2874 orbis
975 2811 1153 2876 christianus
1178 2813 1260 2895 ipsas

38 2925 151 2986 quoque
168 2903 237 2965 kal.
250 2903 312 2984 jau.
328 2901 358 2962 in
374 2903 481 2966 lectum
498 2900 701 2976 commutarit,
725 2902 776 2962 sed
799 2899 866 2962 ideo
883 2909 1011 2976 uotum,
1038 2902 1115 2980 quod
1131 2900 1195 2964 dios
1210 2900 1260 2964 hic
1368 2955 1371 2964 ,
1400 2877 1406 2896 ’

4 3007 13 3022 ·
38 3000 159 3056 oetarus
178 3000 296 3052 esseta
319 2989 395 3052 festo
412 2987 523 3058 nativit.
545 2986 676 3060 Domini.
707 2987 764 3048 Ubi
787 2986 911 3050 studiosi
937 3007 1013 3048 sacr.
1039 2986 1147 3066 antiqq.
1172 2997 1259 3048 nota-

40 3079 117 3156 bunt,
129 3076 325 3142 Christianos
337 3076 404 3138 olim
418 3076 528 3158 majora
540 3074 609 3136 anni
625 3075 700 3136 festa
712 3095 764 3154 per
774 3074 906 3154 integros
921 3080 985 3134 octo
999 3072 1063 3146 dies
1080 3070 1260 3149 celebrasse,

38 3167 90 3228 sed
104 3187 145 3229 ex
161 3165 213 3226 his
231 3163 355 3246 primunr
374 3170 403 3226 et
419 3173 552 3224 octauum
578 3161 652 3224 diem
678 3159 861 3225 solenniorcs
885 3159 995 3238 luisse,
1020 3159 1086 3222 ideo
1103 3163 1178 3242 qnod
1196 3161 1261 3242 ipsc

38 3253 116 3315 Deus
134 3253 168 3314 iu
181 3252 218 3316 V.
234 3251 273 3312 Τ.
292 3249 412 3314 ludaeis
429 3250 613 3312 mandasset:
635 3253 757 3311 Ostanes
773 3247 887 3328 quicque
902 3251 961 3308 dtas
976 3250 1052 3310 oob'ro
1067 3255 1261 3312 consumimus

37 3351 101 3402 osto.
135 3341 216 3402 Ler.
233 3337 287 3414 23,
305 3340 357 3400 36.
391 3337 469 3400 Hinc
487 3339 524 3398 ad
541 3335 731 3398 imitationem
747 3336 923 3396 ludaeorum
941 3334 972 3394 in
990 3333 1118 3396 ecclesia
1134 3355 1261 3414 magno-

38 3447 98 3488 rum
113 3417 401 3490 festorum-octavae
419 3432 587 3505 coeperunt,
604 3421 763 3502 dequibus
781 3421 865 3484 raldo
883 3419 994 3502 copiosi
1014 3430 1084 3481 sunt
1100 3421 1179 3482 Ordo
1197 3423 1261 3483 llo-

40 3533 142 3576 uanus
162 3523 196 3577 et
217 3512 281 3574 sere
306 3531 426 3590 omum,
452 3511 501 3592 qui
526 3509 647 3572 rituales
671 3508 762 3570 libros
787 3507 987 3569 condiderunt.
1017 3505 1143 3568 Faciunt
1166 3517 1262 3568 autem

38 3611 156 3664 octavas
175 3599 265 3662 trium
281 3619 431 3680 generum.
464 3598 530 3660 Alia
547 3597 654 3659 dicitnr
670 3605 773 3658 octava
789 3593 1001 3674 suppletionis,
1019 3591 1078 3653 alia
1095 3592 1263 3656 veneratio-

39 3687 93 3766 nis,
110 3687 178 3763 alia
195 3686 369 3750 deuotionis.
400 3686 459 3748 Sed
485 3705 552 3748 curn
577 3687 614 3746 ad
641 3693 758 3746 octavas
783 3679 941 3745 natiuitatis
966 3678 1129 3742 dominicae
1145 3680 1264 3744 sire'ad

38 3773 95 3838 lral.
109 3777 182 3857 jao.
198 3773 392 3856 perveniunt,
417 3772 527 3850 dicuat,
549 3793 583 3834 eo
610 3769 658 3832 dic
681 3778 800 3833 octavas
825 3789 925 3831 omues
949 3787 1135 3830 concurrere.
1165 3767 1264 3830 Primo
1346 3827 1349 3839 ,
1373 3821 1379 3828 .

39 3861 156 3942 quidem
186 3859 404 3942 suppletionisq
433 3879 500 3922 naar
528 3849 647 3940 siquid
671 3857 717 3920 die
742 3856 832 3919 natali
856 3853 1094 3936 praetermissum
1113 3855 1184 3932 tuit,
1202 3854 1265 3918 kal.

36 3948 94 4026 jau.
120 3947 327 4032 supplendum
352 3968 428 4010 esse.
469 3948 608 4028 Secundo
634 3943 849 4020 venerationis,
874 3943 943 4024 quia
966 3941 1071 4003 festum
1095 3942 1265 4016 nativitatis,

38 4037 122 4118 cujus
141 4035 300 4118 appendix
316 4041 360 4098 est
376 4043 487 4110 actara,
506 4039 550 4096 est
567 4031 694 4094 maxima
708 4031 896 4094 ueneratione
920 4028 1050 4107 dignum.
1090 4029 1193 4092 Tertio
1211 4031 1265 4090 dc-

39 4125 182 4202 rebonis,
200 4125 278 4205 quod
297 4121 370 4184 nolli
386 4123 463 4185 sesto
482 4121 575 4202 major
592 4119 705 4182 devotio
724 4115 966 4197 debeatur'quanr
990 4116 1067 4178 sesto
1085 4117 1191 4192 natali,
1208 4135 1266 4196 quo

40 4209 157 4286 pietatis
176 4209 348 4292 mysterium
365 4209 509 4290 proditum
527 4216 582 4269 est.
597 4243 635 4254 -·-
657 4205 685 4288 b.
698 4205 728 4270 ³.
746 4207 868 4267 Praeter
884 4213 1014 4266 octavam
1031 4203 1189 4266 nativitatis
1204 4201 1267 4264 kal.

42 4295 97 4373 jao.
114 4297 267 4362 solennes
281 4297 377 4360 iactae
395 4305 480 4372 sunt,
498 4305 610 4376 propter
623 4299 856 4355 etrooorrtrtooenr
874 4297 998 4368 Donrint,
1016 4311 1075 4372 qua
1090 4312 1164 4372 puer
1179 4291 1266 4354 lesus

41 4386 236 4450 redemtionis
249 4392 376 4448 'uestrae
400 4383 516 4448 arrham
533 4392 562 4444 et
578 4379 734 4462 sanguinis
757 4378 805 4441 sui
829 4377 973 4458 primitias
996 4378 1136 4458 persolvit
1153 4387 1181 4438 et
1197 4371 1266 4435 drrl-

44 4469 195 4538 cissimum
219 4493 328 4535 nomen
350 4473 442 4551 lesu,
469 4471 548 4553 quod
571 4476 618 4532 est
642 4487 733 4550 supra
760 4487 844 4563 omne
869 4485 990 4542 nomeu,
1016 4463 1139 4542 accepit.
1170 4461 1265 4536 Quam

91 4584 158 4628 Thes.
172 4582 283 4636 antiquitt.
295 4581 364 4626 ebriat.
376 4582 395 4624 1.
410 4587 425 4624 t.
530 4627 538 4639 Ι
693 4579 699 4594 ‘
1044 4561 1066 4621 2
