2962 4898
169 224 206 284 de
216 227 280 286 set.
296 222 476 304 temporibus
492 223 647 289 memoriae
663 223 773 290 Christi
788 228 864 290 vitoe
879 230 1003 294 restituti
1019 232 1126 298 sacris.
1148 267 1162 276 -
1186 234 1251 300 225

16 475 21 480 .
42 393 176 458 cietatem
192 393 329 474 iniverint
343 393 473 480 (Ephd,
486 401 542 474 143
557 395 724 474 Romtta.
743 402 799 479 113
817 399 918 479 cota,
939 405 994 483 123
1011 405 1075 470 not.
1090 403 1251 486 3‚1-2.).

42 479 256 546 lutellexerunt
271 483 399 547 animum
417 483 601 548 excitandum
620 507 685 548 esse
701 508 738 550 ex
758 507 861 550 somno
885 503 1033 572 morteque
1053 493 1251 574 cupiditatum,
1279 504 1281 510 ‘

42 569 161 632 incuria
186 570 335 634 felicitatis
354 584 382 634 ct
398 580 580 635 aeternarum
598 595 694 636 rerum
713 573 860 656 neglectu,
879 581 1160 662 convertendumque
1183 603 1251 643 vet·-
1310 577 1313 584 ’

42 679 96 720 sus
113 657 286 720 coelestium
303 681 411 737 curam,
428 659 524 741 ipsum
542 661 635 724 Deum
653 672 680 730 et
698 662 763 744 ejus
780 664 1012 746 conjunctionem
1029 678 1115 748 atque
1133 689 1251 730 sursum

41 766 161 826 semper
176 746 390 829 sublimiusque
407 749 594 820 evehendum,
622 753 716 831 neque
733 751 759 811 id
777 772 836 826 uua
854 749 981 814 alterave
1007 753 1107 834 fugaci
1133 757 1250 834 cogita·
1299 802 1302 812 t
1327 788 1332 800 s

41 833 123 894 tione
140 834 252 914 peragi,
271 838 322 896 sed
339 834 426 897 seriis
445 836 697 916 meditationibus,
727 837 937 901 intensissimis
962 839 1041 902 curis
1067 849 1095 903 et
1117 841 1250 922 longiore

40 919 132 982 animi
149 921 181 982 in
196 943 230 983 eo
249 923 382 1004 occupati
399 932 427 984 et
443 921 528 984 defixi
545 923 639 986 studio
663 925 779 986 omuino
797 947 870 1008 opus
895 949 970 990 esse.
1006 929 1100 1006 Quam
1127 931 1163 990 ob
1189 950 1250 992 rem

39 1007 341 1090 solleuuenioperam
359 1011 500 1090 ἀιὰὰιιιιιι
529 1031 700 1098 omnemque
718 1021 869 1094 suaserunt
881 1012 1036 1098 lapideam⁴
1050 1017 1092 1078 ‘nt
1106 1017 1251 1099 ghaeissi-
1288 1065 1291 1073 .

39 1097 98 1158 mis
121 1096 170 1156 his
195 1097 333 1158 doctrinis
357 1097 471 1162 artimus
495 1101 531 1182 orl
556 1121 589 1161 se
610 1101 732 1175 rediret,
758 1101 993 1164 concitatissimis
1013 1104 1250 1184 cogitationibus,

40 1183 193 1246 obtutibus
209 1191 238 1246 et
253 1183 451 1247 desideriisiu
475 1181 633 1264 Christum,
649 1187 753 1250 salutis
773 1192 951 1252 et'aeteruae
967 1191 1115 1254 lelicitatis
1133 1193 1249 1254 instau-

38 1283 184 1344 ratorem,
208 1271 334 1334 ferretur
356 1283 490 1356 totusque
512 1273 543 1334 in
568 1275 633 1356 ejus
664 1273 817 1356 amplexus
843 1289 942 1340 rueret
967 1288 1054 1360 atque
1080 1278 1124 1340 sic
1150 1292 1249 1364 aeter-

39 1358 125 1420 nitati
142 1358 344 1422 restitueretur
352 1373 380 1422 et
387 1379 455 1423 vere
471 1369 680 1443 aeterr‘mmque
693 1363 889 1428 revivisceret.
904 1365 1099 1428 l’roeidecunt
1115 1367 1250 1450 denique,

40 1449 206 1510 vacandum
223 1447 371 1510 esschuic
386 1449 483 1510 studio
501 1449 722 1532 imiaodutuq'uc
741 1473 792 1532 per
806 1459 932 1534 tompus,
948 1473 986 1514 ne
1003 1454 1117 1517 unimus
1132 1455 1163 1515 iu
1181 1477 1250 1537 pem

40 1544 86 1597 tes
104 1532 264 1616 pluresque
282 1545 376 1599 ouras,
388 1536 545 1598 distractus
564 1537 783 1619 minurientem
800 1547 931 1624 pareest,
950 1540 1113 1604 intensione
1131 1544 1250 1622 granis·
1318 1575 1323 1588 ι
1394 1607 1396 1614 ,

40 1623 145 1684 simam
162 1623 314 1687 hencrem
331 1633 418 1704 agatt3
447 1645 543 1705 neque
559 1623 651 1690 semol
666 1627 807 1690 duntaxat
822 1627 936 1708 peragi,
952 1640 1086 1702 ant-noa,
1099 1629 1172 1692 licet
1184 1631 1250 1694 eui-

39 1711 281 1792 xissima‚.opera
298 1711 417 1776 absolvi
430 1713 554 1775 arduam
571 1712 626 1774 hoc
643 1723 672 1775 et
685 1723 836 1774 aeternum
853 1718 1019 1793 sepontum,
1044 1719 1100 1778 scd
1117 1719 1250 1782 crebrius

40 1809 69 1860 et
76 1799 261 1880 frequentius
272 1799 439 1862 iterandum
452 1818 529 1875 esse,
547 1801 640 1862 donec
655 1799 840 1862 sanctissima
857 1806 1048 1879 consuetudo,
1064 1825 1141 1884 quae
1157 1803 1252 1868 altera

40 1899 145 1950 natura
162 1897 214 1960 est,
232 1887 427 1963 contrahatur,
444 1885 591 1950 Christum
609 1886 732 1962 colendi,
749 1886 899 1968 spirandi,
922 1891 981 1952 rita
997 1889 1184 1974 moribusque
1199 1912 1250 1954 re·-

39 1973 166 2037 fereudi.
201 1975 295 2052 Quam
316 1976 356 2035 ob
371 1995 431 2036 rem
449 1974 535 2037 toties
550 1973 606 2038 lmo
620 1973 749 2062 solidum
768 1976 988 2040 instaurandum
1006 1995 1074 2043 esse
1090 1981 1249 2045 duxerunt.

129 2061 267 2124 decessit
282 2061 366 2126 tertia
385 2081 484 2138 causa,
502 2063 578 2144 quud
601 2063 724 2144 partiunt
742 2084 862 2128 suarum
892 2086 960 2128 esse
984 2066 1252 2132 animaduerterunt

40 2149 167 2232 piissimi
191 2149 340 2226 homines,
378 2149 525 2213 Christum
553 2149 754 2214 immortaliter
780 2155 816 2216 de
840 2153 936 2218 salute
958 2154 1088 2234 ipsorum
1118 2157 1251 2220 meritum

40 2237 162 2320 publice
177 2235 313 2318 profiteri,
329 2237 466 2300 laudibus
477 2237 627 2302 celebrare
643 2250 672 2302 et
687 2239 809 2318 gratias,
826 2240 853 2302 si
869 2258 929 2304 non
945 2243 1065 2318 referre,
1082 2263 1173 2322 apere
1186 2243 1250 2306 sal·

41 2337 98 2388 tem
116 2338 144 2386 et
159 2322 269 2388 habere
285 2342 319 2386 se
336 2323 471 2388 omuibus
489 2325 582 2390 modis
597 2325 775 2401 significare.
793 2329 930 2414 Apprime
940 2339 1161 2410 perspexerunt,
1180 2349 1261 2410 per-,

42 2415 136 2475 tinere
149 2411 260 2490 hnc‚·si
279 2412 454 2494 qnidttliud,
472 2415 508 2474 nd
526 2411 654 2476 officium
671 2413 797 2476 hominis
814 2413 936 2478 Christo
951 2417 1056 2492 deuoti,
1073 2425 1180 2478 utnon
1197 2435 1250 2480 stt-²

41 2501 100 2564 lum
119 2499 214 2562 salute
232 2500 456 2562 ctzirutunoitate
471 2499 578 2561 Christi
595 2499 718 2575 leuatur,
739 2502 793 2562 sed
808 2501 906 2564 eidem*
919 2519 953 2564 se
975 2505 1049 2564 hrtec
1074 2503 1171 2568 omnia
1194 2505 1250 2564 ἀοι·
1347 2535 1351 2544 »

41 2590 111 2652 bere
130 2587 254 2666 cogitet,
288 2588 426 2650 honorem
445 2585 650 2648 beneficiorum
668 2586 706 2647 ab
721 2585 1111 2672 ipsnproi‘ectorum'eidcm
1128 2590 1250 2669 delerat,

41 2678 228 2756 delatumque
246 2675 343 2738 verbis
367 2683 501 2738 sermone
517 2683 546 2736 ct
568 2673 644 2757 oruui
658 2673 793 2744 ,vivendi
806 2676 920 2738 ratione
946 2676 1134 2754 testificetur,
1163 2689 1251 2760 atquc

40 2764 167 2828 sollconi
184 2760 433 2844 laetitiataccepti
448 2760 584 2828 beneficii
601 2759 785 2842 professione
803 2775 831 2826 ct
847 2764 1045 2846 cclebtatiooe
1063 2765 1250 2829 studiosissi·

5 2889 9 2898 ·
41 2875 115 2918 unam
134 2850 212 2932 grati
228 2849 315 2914 animi
335 2849 551 2915 contentionem
565 2869 635 2928 prae
652 2870 684 2912 se
702 2849 786 2912 forat.
987 2903 988 2906 ,
1019 2874 1023 2880 ’
1049 2905 1051 2916 ,
1240 2913 1244 2920 ,
1317 2859 1324 2866 ·

125 2941 240 3018 Quarto
254 2940 368 3000 tandem
391 2934 463 3000 rectio
481 2937 542 3012 luit,
559 2939 640 3018 quod
654 2936 814 3004 didicerant
831 2949 943 3002 omnem
960 2938 1111 3004 hamorem
1131 2938 1251 3002 mirifice

40 3025 143 3103 levari,
162 3027 198 3088 si*
213 3026 402 3090 communiter
418 3035 533 3105 agatur,
550 3019 740 3107 plurimorum
756 3022 883 3088 latentes
907 3024 1079 3108 sopitosque
1101 3026 1250 3106 igniculos

41 3116 149 3178 certius
176 3113 299 3177 excitari
322 3124 351 3176 et
371 3113 520 3178 tortiorum
536 3111 683 3177 naaman
698 3111 855 3194 concipere
879 3113 910 3173 iu
932 3134 1021 3178 uuum
1039 3111 1163 3177 collatos
1184 3135 1251 3182 mu·

41 3205 157 3286 tuisque
180 3201 296 3266 faecibus
321 3201 455 3285 admotis,
480 3219 603 3280 sparsos
619 3213 721 3262 eontra
737 3201 935 3282 disjectosque
950 3199 1020 3264 hinc
1039 3199 1110 3265 iude
1132 3201 1252 3282 facilins

41 3289 206 3372 exstingui.
238 3290 425 3370 &oupertuu'r
437 3287 522 3352 simul
540 3289 696 3362 habehant,
714 3285 861 3350 Christian
886 3289 1096 3354 incredibiliter
1111 3289 1253 3354 delectari

41 3377 232 3442 sanctissima
250 3377 307 3440 hoc
322 3377 564 3439 oiriomsuorom
577 3374 657 3440 <inter
673 3395 706 3438 so
725 3374 940 3438 foederatorum
957 3377 1096 3440 societate
1121 3399 1252 3440 commu-

40 3468 188 3548 nibusque
220 3465 345 3544 studiis,
363 3462 460 3529 ‚uillam
484 3475 579 3526 antem
604 3461 764 3526 animorum
789 3462 1023 3543 coniunctionem
1046 3483 1108 3526 -uee
1132 3464 1252 3528 felicius

40 3556 213 3617 coalescere
231 3551 411 3618 uec-'certius
424 3550 597 3616 consonari
614 3549 796 3614 ueossreotins
811 3551 927 3630 angeri,
945 3571 1032 3632 quam
1049 3553 1276 3614 communibus-

39 3643 86 3706 bis
101 3643 210 3718 sacris,
226 3641 419 3706 conventibus
441 3650 601 3720 sauctnque
619 3637 823 3703 aemulatione.
1166 3708 1169 3716 ,

125 3727 472 3810 Faciuntgrurissimoo
497 3728 551 3790 hac
576 3726 715 3803 rationes,
736 3737 770 3789 ut
791 3743 961 3790 uernotcum
972 3736 1055 3790 recta
1067 3724 1180 3788 ratione
1196 3745 1252 3788 ue—

40 3839 111 3900 gare
127 3817 233 3900 possit,
249 3829 328 3879 recto
345 3815 577 3880 etlandabiliter
592 3816 665 3880 haee
681 3811 832 3880 sollennia
843 3813 974 3881 instituta
988 3816 1078 3898 alque
1099 3811 1254 3896 multiplici

39 3907 155 3972 utilitati
172 3901 237 3971 illis
251 3905 417 3970 consultura
432 3903 535 3969 fuisse.
1074 3921 1075 3928 ¹

402 4137 404 4142 .
603 4132 606 4144 ι

351 4174 355 4183 ι
462 4180 464 4182 .
474 4178 479 4210 Ι
818 4181 822 4204 Ι

474 4217 478 4230 l
930 4233 933 4238 a

89 4525 156 4570 Theo.
169 4519 274 4574 mtiqnitt.
285 4521 356 4564 christ.
366 4521 385 4565 1.
396 4527 418 4568 2,
