3006 4894
739 1095 934 1187 xxvu
1306 1128 1329 1223 3
1390 1209 1395 1233 ὲ

231 1379 270 1484 J.
279 1285 401 1492 Jul.
432 1383 549 1482 Chr.
579 1295 799 1507 F(ulda')
828 1385 912 1482 de
915 1389 1059 1498 crucis
1060 1313 1320 1505 signaculo,
1346 1421 1449 1509 pre-

264 1543 270 1554 ‘
349 1551 464 1650 cum
494 1526 824 1662 christianarum
846 1528 999 1687 comite
1027 1529 1234 1662 denuncio
1246 1525 1297 1644 ).

271 1743 486 1840 Crucisn
443 1770 467 1812 ιι
471 1769 560 1831 gnum
577 1753 621 1811 est
623 1768 705 1851 ‚quo
720 1743 815 1813 dcndti
831 1735 1017 1812 chistianae
1023 1745 1196 1834 disciplinae
1213 1733 1383 1829 lromines,'
1374 1761 1450 1814 mter

186 1859 190 1864 ·
218 1827 350 1918 alia,
320 1861 433 1924 quum
425 1839 461 1900 ad
481 1859 583 1920 preces
601 1837 755 1900 matutinas
772 1837 942 1922 plermrrqoe
958 1857 992 1899 ac
1009 1836 1192 1920 vespertinas
1210 1835 1366 1918 adpellunt
1382 1841 1449 1901 ani-

232 1947 317 2000 mos,
341 1924 504 1988 utisolcut
542 1925 694 2007 Principes
711 1945 815 2006 nempe
833 1947 937 1988 manns
962 1927 1081 1988 dextrae
1106 1925 1213 2006 digitos
1239 1927 1423 1989 elevante
1381 1927 1448 2008 agi·
1492 1979 1493 1986 ,

232 2026 330 2079 tantvs
351 2015 382 2074 in
406 2023 566 2094 conspectu
589 2035 643 2076 suo
667 2013 758 2076 ternis
775 2011 889 2076 vicibus
905 2014 1092 2076 transversim
1111 2017 1202 2089 adeo,
1227 2025 1260 2076 ut
1276 2005 1370 2076 facile
1390 2016 1449 2076 ali-

233 2123 319 2187 quam
338 2101 434 2164 erucis
451 2100 574 2204 liguram
593 2121 739 2164 eer.neres
779 2102 863 2178 Quae
888 2123 952 2178 res,
980 2109 1012 2162 ul
1036 2103 1073 2162 ab
1099 2101 1227 2164 externis
1246 2101 1341 2164 sacris
1367 2103 1447 2164 lraud

232 2192 348 2268 aliena,
374 2187 577 2271 antiquitus
555 2189 674 2270 Jamjam
692 2209 749 2250 asu
766 2198 793 2250 ct
810 2189 982 2251 auctoritate
999 2187 1168 2253 confirmata
1184 2199 1261 2268 erat,
1284 2190 1325 2251 ita
1342 2189 1415 2254 rude
1431 2212 1448 2253 ι

184 2351 189 2354 ,
231 2277 334 2362 primis
359 2287 387 2341 et
410 2277 660 2359 subsequentibus
684 2275 891 2338 christianismi
917 2275 1027 2340 seculis
1038 2280 1156 2379 absque
1175 2277 1236 2340 ulla
1253 2277 1379 2340 sceleris
1397 2290 1448 2342 aut

232 2364 448 2449 superstitionis
465 2364 663 2466 suspicione
654 2385 690 2426 ae
710 2365 804 2428 borrae
821 2373 929 2427 tantum
947 2365 1143 2428 conscientiae
1161 2365 1268 2446 pretio,
1291 2365 1362 2448 jore
1380 2387 1445 2447 suo,

232 2455 445 2560 qualecumque
461 2453 491 2513 id
509 2452 556 2526 sit,
574 2451 664 2560 digpa
681 2447 899 2516 aestimabatur.
936 2453 1087 2516 dtuostra
1104 2454 1278 2529 lacaenae,
1296 2474 1375 2534 quae
1393 2476 1445 2518 sa-

231 2542 336 2619 nioris,
354 2563 380 2604 sr
372 2539 454 2602 diis
471 2539 606 2622 placotl'
598 2539 710 2621 m‘gcmi
728 2551 780 2618 cst,
798 2561 833 2602 ca
849 2539 879 2600 in
894 2561 984 2603 eausa
1001 2541 1116 2622 priscae
1128 2541 1352 2604 consuetudinis
1371 2563 1445 2605 auc-

233 2630 337 2692 toritas
353 2639 403 2691 aut
420 2627 544 2691 convelli
567 2639 629 2689 aut
634 2628 902 2690 annonariamitcr
914 2627 1037 2692 ridetur.
1077 2628 1174 2692 Variis
1199 2628 1274 2690 caim
1293 2629 1363 2690 duei
1381 2630 1445 2711 opi-

145 2755 152 2763 ι
231 2717 369 2780 ninnium
386 2737 421 2778 ca
438 2718 474 2778 de
489 2736 522 2777 re
538 2715 646 2791 itidem,
663 2727 694 2778 ut
709 2717 819 2778 facium
835 2716 897 2778 iere
914 2715 944 2776 in
959 2716 1036 2778 omni
1052 2737 1161 2797 genere
1178 2715 1351 2795 officiorum,
1370 2739 1445 2799 quae

233 2807 271 2867 ad
284 2814 435 2867 externum
449 2813 582 2884 spectant
598 2803 752 2884 religionis
765 2805 875 2866 cultum
890 2803 978 2885 inque
988 2803 1102 2866 diversa
1112 2803 1268 2867 ideoabire
1283 2815 1445 2886 coeperunt

230 2891 323 2956 inostri
340 2891 482 2963 homines
504 2891 579 2953 Pars
596 2891 691 2973 rejicit
704 2913 767 2955 eam
780 2913 838 2954 non
855 2891 958 2954 ruinori
977 2901 1130 2968 contemtu,
1145 2892 1231 2974 juxte
1247 2903 1336 2974 atque
1353 2893 1446 2956 altero

232 2975 317 3044 omm‘
328 2999 392 3044 oum
408 2979 485 3041 iovet
501 2979 608 3055 stadio,
625 3001 712 3060 quum
728 2981 803 3042 inter
817 3001 851 3043 ca
863 3001 932 3060 pars
944 2987 1042 3042 cetera
1057 3001 1156 3043 secam
1172 2978 1308 3042 babitans
1322 2981 1445 3062 perinde

232 3091 296 3134 eam
313 3068 406 3150 ipsam
424 3066 524 3128 lraberi
541 3077 650 3128 censet.
673 3068 729 3130 Cui
747 3089 819 3148 ergo
836 3070 1050 3136 concedendum
1063 3068 1111 3146 sit,
1128 3077 1160 3130 ut
1177 3067 1369 3148 disquiratur,
1386 3091 1445 3132 non

230 3157 387 3236 indignum
404 3153 471 3215 mibi
487 3153 583 3216 risum
599 3152 688 3215 estin
704 3175 794 3236 eoque
810 3158 981 3238 exponendo
998 3177 1049 3238 pro
1064 3175 1130 3218 mea
1144 3155 1328 3236 intelligendi
1345 3157 1444 3220 iacul-

231 3252 289 3306 tate
305 3243 336 3302 in
355 3239 521 3321 praesentia
536 3261 632 3302 rerum
651 3240 830 3304 allaborabo.
867 3243 977 3305 Fontes
995 3243 1070 3306 enim
1088 3243 1232 3326 ejusmodi
1249 3264 1355 3306 sacrae
1371 3267 1443 3307 enn-

231 3327 396 3393 suetudinis
415 3335 503 3390 errrets
519 3333 598 3408 sipno
612 3332 721 3408 utendi,
737 3353 846 3412 precans
863 3339 973 3406 comite,
992 3331 1115 3412 aperire,
1132 3331 1218 3394 simul
1235 3339 1323 3413 atque
1340 3353 1403 3412 eos,
1419 3333 1443 3396 si

230 3417 294 3482 lieri
311 3415 412 3500 possit,
428 3417 465 3477 ab
483 3415 658 3498 impuritatis
675 3418 843 3499 suspicione
861 3418 1016 3481 defendere
1033 3419 1138 3500 placet.
1172 3419 1256 3495 Quod
1274 3418 1299 3480 si
1318 3441 1356 3482 ex
1373 3442 1443 3484 sen·

211 3504 320 3570 *tentia
336 3504 530 3578 successerit,
556 3525 620 3566 enm
646 3527 704 3566 non
729 3503 858 3568 diffiicile
883 3505 936 3568 crit
951 3508 1094 3586 probare,
1121 3527 1157 3568 ea
1179 3505 1210 3566 in
1228 3509 1442 3570 consuetudine

229 3615 326 3678 umque
340 3594 523 3674 importunae
542 3593 759 3674 superstitionis
783 3615 877 3674 neque
899 3593 980 3675 impii
997 3593 1157 3674 gentilismi
1173 3593 1316 3656 maculam
1335 3597 1442 3678 depre-

229 3681 318 3748 lrcrrdi
335 3701 443 3763 posse3
466 3691 524 3742 tum
542 3701 611 3743 roro
629 3680 701 3743 satis
721 3683 794 3743 bene
812 3681 928 3744 edoceri
945 3681 1099 3759 ridebitur,
1118 3677 1180 3744 eam
1199 3681 1292 3764 ipsam
1312 3685 1442 3747 bonade

230 3791 321 3834 eausa
339 3771 382 3831 'ad
408 3769 546 3830 bonorem
563 3785 712 3830 sacrorum
731 3767 840 3832 Christi
858 3769 1005 3831 obsecrari
1024 3779 1166 3851 oportere.
1204 3775 1299 3852 Atque
1314 3770 1357 3834 ita
1376 3772 1442 3854 qoi-

229 3859 294 3918 dem
311 3877 369 3918 nnn
392 3855 542 3918 babebit
534 3855 684 3918 irrisorum
710 3866 829 3934 coctus,
852 3859 929 3918 unde
954 3857 1079 3962 amplius
1098 3865 1221 3920 nauseet
1237 3879 1300 3920 earn
1319 3859 1442 3942 risuque

228 3965 265 4005 ae
279 3943 393 4024 jocosis
411 3943 495 4006 dictis
511 3943 666 4025 prosequi,
687 3944 774 4005 immo
791 3943 909 4006 immani
937 3943 1138 4008 criminatione
1161 3965 1361 4049 conspurcare
1389 3969 1442 4011 ro

227 4029 347 4111 luptatis
364 4027 429 4090 loeo
448 4031 671 4094 desuadendam
689 4031 775 4092 etiam
792 4031 926 4094 rectioris
944 4032 1033 4096 animi
1050 4033 1104 4096 viri
1122 4033 1226 4114 partim
1240 4045 1272 4096 ut
1288 4035 1440 4113 desistant,

227 4117 276 4184 vel
293 4115 450 4180 seelestam
467 4118 512 4180 sel
532 4119 774 4221 qualemcumque
790 4117 967 4183 levissimam
986 4130 1063 4184 certe
1088 4142 1151 4186 earn
1177 4123 1305 4204 pendere
1336 4125 1439 4205 partim

226 4216 261 4268 nt
276 4203 381 4268 ceteris
397 4203 550 4284 religionis
567 4216 685 4272 nostrae
702 4206 759 4288 piis
777 4208 906 4272 moribus
925 4229 989 4274 eam
1006 4208 1184 4290 adscribant,
1203 4229 1313 4274 causas
1330 4211 1440 4278 intelli-

227 4302 298 4376 gent
316 4290 609 4374 praegnantissioras.

227 4453 441 4472 ...ι-ιω...-

240 4545 243 4552 ’
293 4543 531 4640 ’*)Ριοι1ὶίιΙ,ἰιιι.ι
551 4540 626 4606 1759.
646 4551 673 4607 4.
