2916 4904
200 285 245 351 es
685 286 711 349 ι.
725 279 946 348 uuonan·
1012 267 1013 276 '
1059 299 1068 309 ·

202 458 229 542 5.
245 458 277 521 2.
294 459 404 524 tinctor
419 469 465 524 est
476 456 701 540 vGregorius
724 455 768 520 Μ.
796 445 916 520 litaniae
940 455 1118 540 septiformis
1134 467 1162 520 et
1178 465 1338 522 renovator·
1354 468 1424 524 sta-
1453 437 1454 488 l

202 546 312 608 tionum
331 548 412 610 urbis
427 549 548 610 Romae.
581 545 674 606 Statio
693 545 788 607 autem
816 555 861 606 est
876 546 1029 626 processio
1046 545 1176 627 episcopi
1195 556 1223 609 et
1240 547 1423 619 clericorum

201 655 254 716 per
269 637 386 712 urbem,
413 635 455 696 ita
472 642 503 696 ut
516 633 601 714 juxta
626 631 747 713 quodvis
771 633 908 714 ternplum
932 631 1111 696 consistatur
1142 644 1170 695 et
1192 634 1312 715 publica
1332 657 1426 698 sacra
1453 675 1454 712 r

201 731 370 785 tractentur.
401 720 546 781 Litaniam
571 730 668 782 autern
692 719 889 801 septiformem
916 714 1082 800 Gregorius
1099 721 1142 783 Μ.
1167 721 1203 783 ad
1229 726 1425 785 avertendam

201 821 312 890 pestem
328 807 461 883 institnit,
480 827 555 888 qnae
572 818 652 869 tanta
669 817 739 884 erat,
750 817 783 868 ιιι
799 805 845 868 vel
862 809 1052 868 stemntando
1069 808 1200 870 bomines
1218 809 1325 870 mortui
1344 833 1425 872 con-

202 896 338 958 ciderent.
365 895 476 955 Eadem
493 893 585 976 pestis
596 893 750 974 Pelagium
767 915 871 974 papam
888 892 1015 970 sustulit,
1028 895 1076 956 cni
1093 895 1157 976 ipsc
1174 891 1262 958 datus
1279 905 1327 958 ent
1345 917 1425 959 snc-

201 1001 310 1044 cessor.
343 981 424 1061 Papa
439 981 536 1043 factus
553 981 686 1062 inprimis
712 981 830 1044 scholas
847 1001 935 1043 curae
959 980 1062 1044 babuit
1087 992 1116 1043 et
1131 979 1245 1045 Remus
1270 984 1425 1047 celebrem

199 1067 329 1130 sobolom
355 1079 506 1130 cantorum
530 1068 682 1129 ordinarit.
729 1068 861 1149 Cumque
886 1067 1051 1150 patriarcba
1075 1067 1426 1152 constantinopolitanus

150 1157 153 1169 ⁴
199 1155 351 1234 arroganti
368 1153 451 1216 tilulo
471 1156 698 1218 Oernmnnicnnr
722 1173 756 1216 se
771 1154 896 1232 diceret,
923 1155 1032 1233 primus
1048 1155 1114 1236 ipse
1130 1175 1248 1218 serrum
1264 1177 1426 1220 serrorum

199 1241 331 1321 nedixit,
350 1243 565 1324 queuntitulunr
591 1261 668 1322 papa
691 1241 786 1302 adbuc
804 1242 924 1319 retinet,
942 1246 994 1304 sed
1017 1242 1111 1304 solnm
1135 1244 1260 1307 nomine.
1293 1245 1428 1326 Propter
1453 1293 1454 1306 .

200 1331 323 1409 egregia
340 1330 450 1410 scripta
472 1330 546 1392 bruti
567 1329 684 1390 babitus
707 1338 752 1390 est
768 1328 951 1408 Gregorius,
976 1340 1008 1390 ιιι
1031 1329 1107 1392 inter
1122 1342 1220 1410 patres
1237 1332 1423 1412 cardinales,
1453 1403 1454 1424 χ

200 1416 248 1496 qni
267 1429 416 1492 rorantur,
432 1416 521 1480 fuerit
536 1415 665 1489 relatus,
684 1423 711 1476 ct
727 1415 859 1496 quamvis
876 1419 912 1478 ad
937 1416 1175 1498 superstitionem
1200 1416 1285 1482 ralde
1303 1441 1423 1500 pronus
1453 1463 1454 1500 ,

198 1501 301 1577 fuerit,
326 1503 473 1566 rn'eliorrm
496 1511 591 1566 tamen
612 1501 781 1564 Pontificem
814 1512 881 1584 post
910 1503 984 1566 llaec
1005 1511 1137 1586 tempora
1162 1525 1221 1566 non
1248 1508 1423 1571 babuimus.

200 1587 280 1651 Obiit
295 1609 319 1649 a.
341 1589 409 1652 cnr.
428 1591 512 1668 000,
524 1611 594 1660 ¹cunr
613 1611 665 1670 per
681 1609 774 1650 annos
802 1591 852 1651 13.
876 1610 952 1670 papa
972 1589 1088 1653 fuisset.
1114 1627 1153 1638 -
1177 1591 1205 1673 §.
1223 1593 1255 1656 3.
1269 1593 1329 1656 Hic
1346 1616 1422 1656 vero

197 1695 274 1756 papa
292 1695 358 1737 curn
374 1677 500 1756 insignis
516 1677 682 1756 scholarum
700 1687 840 1756 patronus
856 1677 959 1754 faerit,
972 1677 1043 1739 indo
1060 1679 1168 1740 fartum
1187 1689 1251 1756 est,
1268 1691 1302 1742 nt
1318 1681 1422 1744 adbuc

128 1809 130 1816 ,
198 1762 228 1822 in
244 1763 339 1843 ipsius
358 1764 404 1824 die
420 1765 498 1826 festo
515 1761 666 1826 'scholares
690 1785 755 1825 cunr
775 1763 914 1844 episcopo
929 1773 1087 1844 personato
1105 1768 1207 1827 urbem
1235 1767 1423 1832 circumeant
1453 1775 1454 1840 l

199 1860 227 1912 et
243 1862 359 1914 canant.
385 1853 457 1913 llari
473 1851 576 1914 iisdem
593 1850 770 1912 munuscula
785 1850 887 1924 solent,
900 1862 931 1912 ιιι
947 1851 1031 1931 pueri
1047 1855 1083 1912 ad
1101 1851 1269 1916 scholarum
1285 1877 1421 1918 aaronem
1453 1841 1454 1894 l

197 1936 362 1998 irritentur.
394 1937 515 2002 Videtur
532 1959 594 2000 mos
618 1939 672 2000 iste
698 1937 922 2018 aQninqnatiis
948 1937 1101 2014 gentilium
1125 1941 1321 2019 descendere,
1339 1965 1421 2025 qnae

196 2023 322 2086 Rormani
341 2027 368 2086 d.
385 2025 439 2088 20.
456 2026 549 2086 martii
572 2025 603 2085 iu
625 2025 736 2086 scholis
761 2024 824 2085 suis
850 2023 945 2086 adbuc
970 2025 1093 2087 ethnicis
1117 2026 1213 2090 feriati
1239 2041 1317 2092 sunt.
1349 2031 1420 2093 Hoc
1453 2031 1454 2096 l

197 2108 244 2170 die
260 2109 395 2191 discipuli
420 2111 658 2194 praeceptoribus
683 2111 746 2174 suis
772 2110 902 2174 didactra
927 2111 991 2188 rel,
1010 2123 1041 2173 nt
1056 2115 1214 2192 vocabant,
1231 2115 1420 2198 minervalia,
1453 2101 1454 2192 l

190 2199 542 2292 1ιιιιιιιιιιιιιιιιιὶιίιιείιιι
563 2198 715 2281 discipulis
730 2197 830 2278 spiu'as
842 2201 911 2260 darc
928 2197 1072 2278 solebant,
1084 2221 1142 2282 qua
1158 2203 1195 2264 de
1212 2223 1245 2266 re
1256 2201 1419 2268 Horatius:
1453 2211 1454 2242 ³

360 2371 363 2379 ,
666 2303 671 2307 ’
845 2308 967 2369 crustula
985 2317 1080 2372 blanda
1453 2305 1454 2308 Ἴ

439 2407 441 2410 ·
548 2387 618 2440 flant
634 2391 817 2454 praeceptores
836 2387 933 2454 pneris.

169 2457 382 2527 ,etllridiusr
603 2505 611 2511 -
660 2477 663 2484 ·
815 2465 822 2478 “

549 2543 598 2608 Qut
617 2544 682 2594 bene
700 2542 811 2608 pternrit
830 2539 938 2592 Pallade
958 2540 1052 2594 doctus
1067 2544 1127 2596 orit.
1190 2573 1193 2580 ·
1279 2544 1282 2554 “

281 2627 382 2688 Dora.
410 2630 578 2690 Laetare
607 2627 797 2704 (Mitfnsten).
825 2625 853 2706 ᾗ.
883 2629 911 2688 l.
953 2627 988 2687 lrr
1013 2630 1139 2692 medinm
1167 2631 1419 2714 quadragesimae
1453 2629 1454 2680 ἒ

195 2710 340 2772 dominica
352 2714 476 2773 Laetare
492 2715 602 2788 incidit,
619 2713 697 2772 diota
712 2715 749 2772 ab
764 2712 884 2773 introitu
901 2714 1006 2776 exlea.
1016 2717 1068 2792 cc,
1082 2721 1130 2782 10.
1148 2726 1417 2798 boderebrunn—
1453 2721 1454 2764 l

181 2797 261 2857 tear!
292 2798 357 2860 Hac
375 2798 520 2859 dominica
530 2797 666 2859 Pontifex
682 2816 801 2860 auream
817 2819 914 2860 rosam
933 2813 1087 2865 consecrat
1103 2805 1232 2868 balsamo
1250 2817 1278 2870 et
1290 2811 1417 2872 mosebo
1453 2803 1454 2854 7

193 2881 329 2964 plenam,
356 2887 433 2949 unde
458 2885 563 2946 dicitnr
589 2883 735 2946 dominica
759 2889 795 2946 de
821 2903 898 2964 rosa.
928 2887 1046 2950 Dicitur
1067 2896 1183 2974 quoque
1206 2893 1356 2964 dominica
1378 2900 1418 2960 de
1453 2903 1454 2936 ³

194 2971 329 3052 panibus,
347 2975 383 3034 ob
401 2972 585 3049 evangelium
600 2969 681 3030 illins
699 2971 767 3051 diei,
784 2971 989 3054 qnoGlrristus
1008 2977 1136 3059 quinque
1152 2980 1245 3042 millia
1261 2981 1417 3047 hominnm
1453 2991 1454 3046 ἒ

192 3059 296 3139 pannis
313 3059 603 3138 panibussatnravit.
636 3057 739 3138 Rosa,
756 3069 841 3141 qnam
858 3060 994 3123 Pontifex
1011 3062 1067 3124 bae
1085 3060 1231 3129 dominica
1247 3083 1417 3150 consecrat,
1453 3077 1454 3084 ’

193 3164 280 3214 auro,
297 3145 428 3205 balsamo
455 3153 483 3204 et
505 3145 622 3205 mosrbo
649 3156 773 3208 constat.
806 3146 997 3210 consecratio
1023 3171 1110 3213 rosae
1136 3137 1290 3236 pera‘gitni
1314 3169 1416 3239 prece,
1453 3143 1454 3148 ἵ

193 3229 276 3290 thure
292 3239 321 3288 et
336 3249 413 3309 aqua
429 3229 553 3293 lustrali.
587 3231 698 3292 Modus
716 3233 908 3295 consecrandi
933 3236 964 3296 in
981 3237 1096 3298 Cercar.
1112 3239 1198 3304 Rom.
1217 3244 1339 3322 copiose
1356 3249 1415 3308 de·
1453 3239 1454 3298 l

192 3313 339 3378 scribitur.
372 3316 578 3380 consecratam
595 3339 691 3380 rosanr
716 3341 824 3400 magno
846 3319 936 3382 alicui
960 3325 1112 3404 etpotenti
1136 3328 1261 3410 principi
1277 3331 1310 3392 in
1327 3333 1416 3395 curia
1453 3341 1454 3388 ἶ

191 3393 337 3482 praesenti
354 3405 457 3481 donat,
481 3406 531 3488 qui
555 3409 676 3468 eandem
701 3409 785 3470 flexis
808 3408 937 3487 genibus
963 3413 1000 3470 de
1018 3430 1106 3472 mann
1122 3413 1274 3479 Pontifieis
1291 3419 1413 3499 ancipit.
1453 3455 1454 3468 ι

189 3488 359 3551 Rosabnee
375 3493 461 3554 debet
477 3511 544 3578 esse
559 3494 721 3576 symbolum
739 3495 869 3570 Christi,
893 3496 943 3574 qni
966 3497 1047 3558 floris
1068 3499 1161 3561 instar
1184 3503 1282 3565 ltabet.
1314 3507 1415 3567 Datur
1453 3517 1454 3532 ¹

117 3567 124 3585 ‘
191 3583 286 3636 autern
303 3577 442 3660 principi,
466 3589 499 3641 ιιι
513 3583 676 3644 meminerit
699 3583 928 3658 ille,·se'rosnrn
952 3599 1018 3644 esse
1043 3583 1202 3664 plantatam
1226 3591 1312 3672 juxta
1327 3593 1412 3653 rivos

190 3665 331 3742 aquarum
348 3676 402 3728 etc.
425 3667 476 3728 Ps.
496 3669 563 3744 1,1.
589 3670 700 3751 Papam
718 3685 855 3731 cursores
872 3669 1073 3748 circumstant,
1091 3675 1200 3754 quibus
1215 3697 1269 3756 pro
1286 3699 1413 3743 munere
1453 3713 1454 3716 ι

107 3779 117 3800 ι
190 3751 407 3816 rosae'strenas
424 3755 487 3816 dari
512 3765 635 3836 oportet.
669 3757 702 3816 Si
727 3756 803 3816 forte
825 3755 926 3818 nullus
949 3758 1087 3838 princeps
1110 3781 1179 3823 rosn
1195 3763 1312 3842 dignus
1322 3767 1412 3845 adsit,

189 3835 325 3899 Pontifex
342 3828 462 3904 «landem
488 3852 570 3904 extra
585 3843 706 3903 Romam
732 3845 770 3902 ad
793 3859 894 3919 regern
919 3842 1046 3922 aliqrrenr
1072 3865 1108 3907 ac
1130 3847 1294 3929 prinoipem
1313 3853 1411 3932 mittit,
1453 3867 1454 3872 ’

190 3943 275 4008 quern
291 3923 321 3984 ir'r
337 3927 490 4014 devotione
506 3949 562 3990 sna
578 3929 641 3990 vult
663 3929 829 4003 continere,
856 3932 1100 4011 quemadmodum
1118 3934 1231 3998 Sicid
1243 3957 1341 4002 anus
1357 3961 1411 4003 re·

187 4011 252 4086 fert,
270 4015 347 4092 qnod
363 4019 417 4076 snb
434 4017 547 4078 initium
565 4015 780 4078 reformationis
796 4015 875 4076 Leo
893 4016 930 4078 X.
948 4037 999 4096 per
1015 4016 1144 4098 legatum
1162 4043 1249 4085 sunm
1266 4025 1410 4090 Carnium

104 4115 108 4122 ’
188 4095 333 4163 antiton
365 4103 532 4182 hujusmodi
566 4123 662 4164 rosam
694 4101 847 4164 Priderico
882 4101 1001 4165 electori
1031 4104 1181 4171 Saxoniae
1209 4110 1340 4190 nriserit,
1378 4123 1412 4178 ιιι
1453 4113 1454 4132 ³

189 4207 253 4250 curn
272 4206 290 4248 a
305 4187 434 4252 Lntbero
451 4189 578 4252 alienum
594 4191 736 4252 redderet.
756 4223 795 4236 -
813 4187 841 4269 §.
854 4190 886 4253 2.
902 4189 978 4252 Sunt
995 4194 1137 4272 nonnulli,
1154 4195 1203 4277 qui
1220 4197 1304 4260 bunc
1320 4201 1410 4264 rituur
1453 4199 1454 4260 ᾗ

189 4273 417 4338 consecrationis
434 4295 522 4336 rosae
538 4297 564 4338 a.
579 4277 650 4338 Cirr.
669 4275 762 4356 1370.
780 4284 899 4338 auctore
914 4275 1070 4340 Urbano
1086 4281 1121 4344 v.
1140 4269 1278 4362 coepisse
1293 4299 1411 4367 putant,
1453 4341 1454 4352 ,

188 4362 244 4425 sed'
258 4373 363 4424 errant.
397 4361 472 4424 Nam
493 4370 560 4423 aute
577 4357 922 4447 Urbannrp'f'nnocen
933 4364 1012 4425 tius
1030 4365 1082 4428 111.
1099 4387 1127 4432 a.
1144 4370 1214 4432 Cirr.
1233 4373 1331 4437 1198.
1350 4377 1410 4438 bn-

186 4451 237 4530 jns
253 4447 295 4510 rei
313 4449 482 4514 memoriam
498 4447 577 4511 tecit.
611 4449 725 4512 Eadem
735 4497 737 4504 .
748 4449 894 4513 dominica
907 4450 1033 4513 Laetare
1049 4452 1079 4516 in
1103 4457 1178 4518 urbe
1192 4455 1304 4540 Mysus
1321 4465 1410 4544 pueri
