2982 4892
803 553 845 628 ll

287 709 344 775 lle
365 701 552 793 publicis
573 707 763 772 veterum
786 703 1135 774 Christianorum
1161 702 1370 791 precibus

579 811 729 878 aetate
757 807 1072 898 Apostolorum.
1169 909 1172 920 Ι

305 983 333 1070 5.
357 985 387 1050 l.
419 983 562 1047 Morem
584 981 1135 1068 iudaeorumiieumpubiice
1156 984 1348 1070 adorandi
1366 1003 1436 1046 non

218 1071 431 1151 abrogavit
452 1073 584 1148 iesus,
616 1073 682 1134 sed
712 1075 918 1136 emendare
946 1071 1175 1136 studuit-
1207 1069 1332 1152 Exite,
1359 1093 1436 1156 quae

155 1211 156 1216 ,
204 1159 350 1238 ¹sectione
364 1157 509 1240 superiori
522 1161 557 1223 de
574 1154 701 1240 publicis
711 1161 888 1224 iudaeorum
906 1159 1043 1246 precibus
1060 1158 1286 1237 observavimus,
1303 1169 1437 1242 apparet,

218 1245 316 1330 qualis
340 1245 430 1308 fuerit
446 1247 541 1308 Deum
568 1247 600 1308 iu
624 1248 814 1312 conventibus
840 1248 935 1311 sacris
957 1248 1097 1311 adorandi
1113 1248 1196 1336 ratio
1218 1257 1347 1330 tompore
1372 1247 1436 1328 iiio,

219 1353 277 1418 quo
293 1335 380 1398 iesus
397 1331 533 1398 christus
558 1333 587 1396 in
611 1335 690 1400 hune
714 1343 857 1400 terrarum
882 1337 982 1400 orbem
1006 1333 1085 1402 venit
1111 1336 1260 1399 doetrinae
1278 1355 1352 1400 suac
1367 1335 1435 1400 luce

216 1422 365 1486 hominum
383 1421 495 1484 animos
512 1419 748 1488 collustraturus.
782 1423 917 1506 Optimus
941 1421 994 1488 ilie
1016 1421 1172 1505 religionis
1189 1425 1306 1500 doctor,
1322 1421 1385 1504 qui,
1403 1433 1436 1486 at

216 1509 281 1592 ipse
298 1519 420 1572 testatur
435 1504 539 1572 Matth.
555 1505 586 1587 ⁵,
607 1513 668 1588 17,
691 1531 749 1572 non
765 1521 936 1575 coacuerat
952 1511 1084 1587 consilio,
1103 1520 1135 1574 nt
1149 1509 1282 1576 institnta
1296 1511 1436 1574 Mosaios

216 1595 305 1680 piane
322 1599 494 1678 abrogaret,
516 1599 571 1668 sed
589 1595 687 1680 potius
703 1605 737 1660 ut
753 1619 788 1662 ea
804 1599 913 1662 rectius
936 1597 1153 1680 interpretando
1174 1598 1358 1661 confirmaret
1379 1599 1435 1660 bo-

216 1684 371 1766 minesquc
396 1683 532 1766 optimam
556 1687 650 1748 Deum
675 1685 834 1750 uenerandi
865 1685 1006 1748 rationem
1035 1687 1154 1748 doceret
1184 1696 1269 1767 atquc
1293 1685 1434 1768 praeiret,

215 1769 318 1850 multa,
337 1791 413 1854 quae
430 1774 468 1834 ad
486 1771 614 1836 osticium
630 1795 750 1856 precum
766 1775 797 1836 in
813 1773 983 1836 universum
1001 1774 1154 1856 pertinent,
1175 1773 1296 1856 egregie
1314 1774 1435 1850 monuit,

215 1877 312 1942 neque
329 1869 426 1923 tamem
442 1859 605 1942 pecuiiares
623 1873 797 1924 sectatorum
815 1881 937 1924 suorum
955 1867 1116 1923 conventus
1139 1863 1175 1924 ad
1192 1859 1327 1944 publicas
1345 1871 1434 1944 atque

217 1945 358 2010 solennes
382 1965 487 2028 praees
509 1947 660 2010 iaciendas
676 1947 803 2012 instituit
817 1949 897 2030 ipse,
923 1951 977 2012 sed
994 1948 1119 2031 sapienti
1136 1947 1273 2024 consilio,
1290 1949 1386 2010 Deum
1403 1949 1433 2010 in

218 2033 325 2114 tempto
343 2045 372 2095 et
387 2034 417 2094 iu
434 2034 598 2116 synagogis
611 2037 752 2098 adorandi
766 2057 884 2114 morem,
901 2037 951 2118 qui
969 2047 1038 2098 tuno
1051 2037 1187 2118 temporis
1204 2037 1280 2116 apud
1293 2035 1434 2109 iudaeos,

214 2118 265 2186 vel
281 2141 320 2182 ex
336 2117 414 2200 legis
425 2119 578 2184 Mosaicae
594 2123 785 2206 praescripto,
802 2121 848 2186 vei
861 2123 1104 2188 consuetudinea
1124 2123 1284 2208 majoribus
1300 2132 1434 2206 accepta,

214 2205 247 2269 iu
262 2226 321 2270 usu
338 2217 408 2283 erat,
425 2218 545 2270 secutus
564 2217 618 2272 est.
1351 2221 1353 2230 “

302 2294 446 2358 Precibus
470 2294 576 2376 igitur,
609 2317 684 2378 quae
709 2295 931 2382 hierosolymae
954 2297 985 2360 in
1010 2295 1116 2379 templo
1139 2295 1304 2380 ibidemque
1327 2305 1357 2360 et
1380 2317 1435 2378 per

215 2380 331 2466 reliqua
346 2381 476 2446 iudaeae
492 2391 579 2466 atque
597 2381 750 2448 Galilaeae
769 2383 876 2468 oppida
891 2385 922 2447 in
940 2383 1102 2468 synagogis
1117 2383 1239 2464 fiebant,
1255 2385 1321 2466 ipse
1337 2383 1436 2446 adluit

214 2489 358 2552 praeseus
389 2481 417 2534 et
448 2489 508 2534 una
532 2493 597 2534 cnm
623 2473 815 2556 popularibus
839 2473 917 2536 festa
941 2471 1080 2534 diuinitus
1104 2471 1235 2536 instituta
1264 2471 1434 2551 celebravit,

215 2556 350 2639 exemplo
366 2579 420 2620 suo
437 2559 568 2640 probans
593 2568 682 2644 atque
704 2560 880 2624 ooniirmaus
903 2571 987 2622 actus
1004 2558 1072 2623 illos
1090 2557 1262 2641 religiosos,
1286 2559 1336 2642 qui
1352 2569 1434 2623 rocta

214 2645 338 2726 Deoque
354 2645 445 2726 digua
461 2646 574 2710 ratione
599 2649 828 2730 peragebantur.
860 2647 956 2711 Simul
973 2664 1043 2711 vero
1061 2647 1147 2711 etiam
1164 2647 1294 2730 grauiter
1310 2649 1433 2726 monuit,

215 2731 377 2792 cavendum
395 2751 498 2794 essea
520 2733 673 2813 precibuS‚
701 2757 776 2817 quac
793 2735 1018 2800 Pharisaeorum
1041 2755 1121 2798 more
1137 2731 1168 2796 in
1190 2735 1338 2797 hominnm
1357 2757 1432 2797 con-

214 2828 318 2898 speetu
335 2835 389 2898 per
405 2821 625 2886 ostentationem
643 2833 672 2886 et
688 2825 814 2889 uerbosa
830 2833 917 2908 atque
934 2831 1037 2887 oruata
1054 2822 1185 2888 oratione
1201 2844 1268 2886 cnm
1283 2843 1431 2906 arrogan-

214 2903 256 2968 tia
273 2907 396 2990 quadam
414 2905 531 2972 fiebant.
1348 2943 1353 2945 ·

300 2993 595 3058 Animadvertendum
615 3005 712 3060 tamen
729 3005 783 3074 est,
800 2999 909 3078 desum,
925 2999 955 3082 iu
971 2997 1001 3060 id
1017 3017 1133 3080 semper
1145 2995 1294 3076 intentum,
1310 3003 1344 3062 ut
1355 3019 1433 3080 opus

213 3080 421 3164 gravissimum
446 3083 502 3148 sibi
530 3103 548 3146 a
572 3093 654 3165 patre
678 3087 845 3147 mandatum
861 3089 899 3150 ab
917 3087 993 3148 omni
1011 3098 1093 3170 parte
1115 3085 1281 3168 perliceret,
1307 3087 1431 3167 saepius

214 3169 337 3231 docendi
354 3169 460 3251 magis,
477 3191 563 3252 quam
578 3171 673 3233 Deum
690 3171 808 3253 publice
824 3173 966 3237 adorandi
980 3193 1071 3236 causa
1087 3173 1223 3256 tempium
1236 3183 1323 3254 atquc
1337 3193 1430 3256 syna-

213 3277 310 3338 gogas
328 3258 505 3322 iudaeorum
521 3258 641 3322 adiisse.
675 3261 804 3340 Apparet
826 3260 900 3323 iilud
925 3283 941 3324 e
962 3261 1097 3344 pluribus
1114 3259 1333 3341 evangeliorum
1356 3261 1431 3324 iocis

214 3354 356 3407 eteorum
373 3345 511 3428 synedrio
528 3348 704 3410 iudaeorum
718 3348 785 3429 ipse
802 3345 889 3412 iesus
906 3347 962 3412 hoc
979 3359 1103 3412 testatus
1121 3359 1176 3426 est,
1193 3349 1237 3412 io.
1258 3343 1307 3428 18,
1322 3348 1379 3410 20.

301 3431 407 3512 Optimi
430 3434 562 3514 magistri
587 3435 632 3498 sui
657 3435 782 3516 vestigia
804 3435 938 3518 legerunt
956 3435 1090 3518 Apostoli
1113 3437 1143 3498 in
1169 3433 1273 3518 templo
1292 3446 1321 3498 et
1335 3443 1429 3520 'syna-

212 3517 302 3600 gogis
318 3519 413 3582 Deurn
431 3524 596 3586 adorantes.
627 3523 666 3586 Et
683 3543 771 3604 quum
789 3523 826 3586 iis
842 3527 978 3608 mandata
994 3531 1074 3586 essct
1089 3523 1256 3606 provincia,
1273 3535 1341 3605 post
1357 3527 1429 3588 Jesu

212 3607 243 3667 in
267 3606 367 3670 coelos
391 3607 501 3692 abitum
523 3610 608 3690 regni
623 3609 773 3674 coelesti-e
799 3611 877 3674 cives
903 3611 1074 3694 colligendi,
1106 3619 1135 3674 et
1158 3622 1257 3676 coetus
1282 3611 1427 3676 cultorum

213 3692 285 3771 liei,
304 3694 353 3778 qui
370 3697 469 3758 iesum
487 3696 635 3758 Christum
651 3699 755 3760 salutis
771 3708 917 3762 auctorem
935 3707 1145 3780 agnoscerent,
1163 3699 1323 3778 cormunt,
1340 3699 1429 3762 insti·

212 3788 330 3842 inerunt
346 3793 506 3846 conventus
522 3805 640 3864 saeros,
665 3785 695 3846 iu
712 3785 820 3868 quibus
836 3805 895 3848 una
911 3807 976 3852 euru
999 3785 1151 3868 discipulis
1168 3795 1196 3850 et
1220 3788 1427 3864 sectatoribus,

212 3865 262 3948 qui
278 3869 450 3936 Antioohiae
471 3870 596 3952 primunr
623 3873 761 3954 appellati
784 3885 852 3938 sumt
868 3871 1025 3938 Christiani
1041 3875 1104 3938 Aet.
1122 3873 1180 3950 lt.
1204 3873 1270 3954 26,
1286 3877 1427 3956 precibus

83 3983 89 3992 ·
211 3951 474 4038 publicisoperarn
492 3961 602 4038 darent,
619 3961 649 4022 in
666 3962 814 4043 plerisque
833 3965 871 4025 ad
887 3983 996 4025 merem
1014 3961 1340 4043 precandibudaborum
1357 3983 1427 4026 sese

212 4053 431 4124 componentes.

298 4160 325 4244 ξ.
350 4163 381 4226 2.
426 4165 477 4228 De
500 4164 608 4230 loeis
637 4189 682 4230 aa
713 4169 958 4252 temporibus
985 4190 1141 4252 precum
1172 4168 1423 4252 publicarum

185 4289 187 4296 ,
211 4253 313 4330 apud
340 4250 599 4316 Christianos
627 4264 759 4318 aetate
788 4257 1082 4338 Apostolorum.
1104 4293 1148 4306 -
1175 4257 1285 4320 Eodem
1310 4261 1423 4338 ordine,

210 4347 275 4419 rpuo'
294 4339 330 4400 de
347 4336 475 4419 publicis
499 4340 615 4419 egimus
632 4344 806 4406 iudaeorum
832 4345 988 4424 precibus,
1015 4348 1165 4426 agendum
1179 4345 1238 4427 jam
1256 4345 1372 4410 uidetur
1387 4351 1423 4409 de

209 4424 338 4508 publicis
354 4434 442 4508 atquc
458 4423 643 4496 soflenuibus
661 4430 894 4497 Christianorum
909 4433 1065 4515 precibus,
1088 4454 1165 4517 qaae
1180 4442 1274 4500 aetate
1290 4435 1423 4518 Aposto-
