2944 4904
250 290 288 352 de
309 283 367 353 diei
388 287 465 354 dou.
485 308 535 372 ap.
554 296 614 356 not.
635 243 821 361 Christianos
837 285 1045 356 celebratione.
1208 289 1253 368 71

119 459 259 544 limique
285 463 363 526 band
390 463 488 543 magis
513 473 675 547 opponere
702 467 739 532 ai
763 466 1047 532 sententiaunuam
1069 465 1252 548 prebendam
1288 519 1293 524 .

27 548 155 612 landant
171 547 305 628 team
323 551 386 629 za,
402 551 471 616 ooli.
489 553 541 616 tt.
923 630 925 636 ¹
1239 567 1242 577 '

63 663 70 670 ·
116 635 239 716 Etenim
254 635 312 700 bec
328 638 431 710 ultimo
455 639 521 702 leae
535 641 685 716 docentur,
708 643 780 704 lesu
796 640 960 724 discipulos
976 659 1100 722 vespera
1118 640 1250 722 eiusdem
1298 677 1316 692 ·

32 724 85 786 atei
101 721 167 809 (τῇ
184 717 283 807 ἡμέρᾳ
299 725 410 816 ἐκείνῃ,
432 726 474 811 τῇ
488 725 544 810 μιᾷ
561 719 747 811 σαββάτων)
772 749 829 810 que
855 729 919 809 ipse
942 736 1151 803 resurrexerat,
1180 747 1252 788 cou-

32 811 173 888 venissea
198 811 419 894 quodquidam,
445 812 592 895 singulari
611 814 823 900 discipulerum
840 817 998 880 observata
1015 814 1190 891 conditione,
1214 837 1253 878 ex

32 899 145 981 reipsa
163 899 274 961 fectum
291 918 359 963 esee
374 900 534 984 intelliges,
559 901 600 964 ita
622 915 654 966 nt
677 903 780 984 procul
795 904 885 966 dubio
902 903 1009 966 tnirunt
1027 901 1078 966 tibi
1096 901 1252 981 rideretur,

33 987 55 1046 si
72 989 260 1068 proderetur,
275 1009 328 1050 eos
346 1009 402 1050 non
419 987 514 1052 luisse
532 1002 742 1073 congregatos.
973 981 981 990 ⁸

114 1073 279 1139 Videamus
295 1074 395 1156 igitur,
411 1098 480 1139 num
497 1075 571 1140 alter
584 1077 709 1142 lortasse
726 1077 823 1156 iocus,
846 1077 912 1143 lob.
936 1075 989 1154 2⁰,
1007 1078 1058 1142 to.
1074 1076 1142 1158 plus
1158 1076 1254 1144 rotent

32 1164 64 1222 ad
81 1163 497 1244 rem,*dcque'dis1rutamus,
514 1165 748 1231 discernendam.
787 1173 858 1229 Pent
874 1176 935 1230 octe
950 1168 1018 1238 dine,
1035 1165 1125 1228 relert
1140 1165 1252 1228 toton·

33 1257 100 1326 nns,!
120 1251 177 1329 (ex
202 1271 260 1350 qun
285 1249 408 1332 primunt
433 1253 531 1314 iesum
555 1252 714 1316 redirirnm
739 1254 873 1316 viderant
889 1252 1033 1334 Apostoli,
1057 1251 1087 1314 lo.
1103 1273 1130 1316 e.
1148 1250 1182 1312 ἐν
1197 1249 1253 1334 μιᾷ

33 1333 90 1396 τῶν
103 1335 294 1420 σαββατων)
310 1345 409 1401 iteratae
423 1351 505 1402 eom
521 1349 678 1422 caracenam
694 1344 833 1422 discipali,
851 1351 878 1402 et
896 1343 1019 1404 liemon
1035 1361 1095 1402 cam
1111 1347 1158 1402 iic.
1191 1339 1252 1402 Sed

34 1421 114 1501 inde,
141 1426 225 1505 qued
247 1424 396 1488 lebannes
420 1425 507 1488 dicit:
536 1427 640 1490 iterum
667 1419 790 1510 (ordita)
817 1437 901 1492 erant
917 1427 1091 1508 cougregati
1107 1425 1253 1508 discipuli,

33 1532 84 1571 non
102 1511 310 1592 consequitar,
333 1535 388 1576 cos
409 1512 557 1597 introires
575 1525 639 1577 octo
657 1515 720 1579 dics
737 1537 795 1578 non
811 1515 931 1596 saepius
947 1515 1147 1590 convenisset
1166 1533 1253 1576 vero-

34 1596 332 1680 siotillimusnrpotius
349 1611 402 1679 est,
425 1613 482 1664 ¹eas
498 1601 626 1684 qnotidie
650 1603 701 1665 illo
724 1613 854 1685 tempore
871 1619 931 1666 uua
946 1601 1049 1678 fuisse,
1066 1622 1178 1682 semper
1195 1621 1252 1666 ex-

35 1694 225 1767 spectantes,
251 1687 334 1766 fore,
359 1699 392 1750 nt
413 1689 501 1752 lesus
517 1687 621 1766 iternnr
638 1708 690 1753 ees
713 1690 890 1754 conveniret
940 1689 1099 1771 Sequimur
1122 1688 1198 1752 enim
1222 1688 1253 1750 in

33 1773 81 1834 bac
98 1796 133 1836 re
155 1777 329 1855 exponenda
345 1775 439 1837 solnm
456 1776 628 1854 labeonem,
653 1799 777 1860 quocum
795 1779 952 1841 relationes
967 1778 1094 1840 alierum
1112 1777 1252 1856 Evange-

32 1861 165 1924 listarum
183 1863 273 1934 (lette.
289 1860 341 1938 24,
363 1863 411 1924 tto.
425 1863 480 1926 ¹55.
513 1863 618 1929 Mattio.
633 1862 686 1942 28,
705 1865 734 1926 7.
756 1865 794 1926 tti
810 1868 866 1946 ss.)
883 1877 911 1930 et
926 1865 1012 1928 Pauli
1038 1867 1084 1944 (l.
1107 1863 1176 1926 Cer.
1201 1861 1253 1939 lb,

32 1948 146 2033 5-8.)
164 1949 243 2012 baud
268 1950 343 2028 bene
359 1961 534 2030 congruunt.
560 1985 598 1998 -
632 1953 733 2034 ltaque
756 1953 812 2015 boe
836 1972 952 2035 quoqne
972 1953 1021 2014 die
1046 1972 1103 2014 non
1129 1971 1193 2012 eant
1215 1952 1253 2010 ub

33 2058 152 2098 causans
167 2037 343 2119 congregati
368 2045 460 2114 erant,
485 2041 562 2124 qued
586 2040 788 2102 Jesuseodenn
814 2039 974 2104 emortuis
1000 2049 1062 2102 erat
1079 2037 1252 2115 suscitatus,

34 2145 124 2206 neque
142 2133 178 2186 nt
194 2123 271 2185 diem
287 2127 392 2188 festum
419 2137 551 2205 agerent.
591 2127 720 2190 eonceoi
747 2139 843 2190 tamen
866 2137 971 2209 potest,
1004 2126 1166 2210 discipulos
1189 2125 1254 2186 for-

35 2213 106 2274 sitan
132 2211 307 2288 credidisse,
332 2214 432 2276 Jrsnm
452 2215 562 2289 cedern,
588 2236 646 2295 quo
668 2214 792 2296 primunr
815 2215 898 2294 ipsos
923 2223 989 2292 post
1008 2212 1252 2277 resurrectionem

34 2299 151 2374 riserat,
168 2299 216 2361 die
231 2301 268 2362 ad
283 2300 366 2381 ipsos
384 2299 543 2363 rediturum
561 2321 629 2363 esse
644 2301 768 2382 ideoque
786 2301 971 2363 convenisse.
1192 2307 1194 2316 ‘

120 2387 157 2446 ln
169 2385 341 2449 universum
359 2399 455 2450 autem
472 2391 508 2450 tle
525 2389 660 2450 omnibus
677 2389 749 2450 locis
766 2408 804 2450 ex
820 2399 945 2468 quatuor
966 2385 1156 2470 eraogeiistis
1175 2383 1253 2446 alla·

37 2473 75 2534 tis
95 2475 312 2536 observandum
329 2473 507 2553 estsnnllam
520 2475 561 2538 iis
577 2475 833 2555 ineseeprobandi
849 2474 918 2550 rim,
941 2473 1079 2553 quoniam
1098 2481 1165 2532 ante
1181 2471 1253 2550 spi·
1322 2519 1324 2524 .

39 2562 118 2624 ritum
141 2559 175 2624 S.
194 2560 346 2643 Apostolis
362 2573 547 2644 pentecostes
570 2563 617 2624 dic
639 2563 737 2624 datum
762 2559 864 2624 nullus
888 2560 1003 2622 omnino
1021 2557 1253 2622 Cbristiaoooum

40 2661 134 2712 coetus
161 2651 201 2712 ab
225 2649 271 2710 bis
289 2659 488 2732 congregatus
513 2658 575 2730 est,
594 2649 650 2733 qui
665 2653 776 2714 'sacrus
799 2659 960 2712 renuentes
984 2667 1075 2728 agere
1099 2657 1254 2730 certosque

41 2737 93 2799 dies
110 2735 268 2799 celebrare
285 2737 436 2818 potuisset.
794 2763 804 2770 ·

114 2825 158 2887 ni
176 2823 243 2886 fere
259 2822 412 2904 santiani,
429 2826 466 2888 ab
483 2823 521 2886 iis
539 2823 630 2902 allati,
656 2824 705 2906 qui
732 2847 769 2887 ex
792 2823 831 2888 N.
847 2823 886 2885 T.
904 2826 1029 2905 probare
1055 2821 1150 2886 cenati
1177 2831 1254 2898 sant,

39 2911 87 2990 jan
103 2911 315 2993 Apostolorum
327 2917 462 2994 ‘tempore
479 2911 554 2973 diem
571 2911 882 2994 dominicumonippe
899 2913 974 2992 quod
992 2911 1126 2973 Christus
1150 2911 1252 2970 eodem

41 2997 63 3058 in
78 2999 165 3061 vitam
185 2997 705 3078 rediisset,'hominibastristianie
723 3017 840 3061 sacram
859 2998 989 3058 habitum
1005 3016 1163 3076 corumque
1178 3013 1254 3055 ren·

43 3089 167 3150 rentibus
185 3085 404 3168 frequentatum
423 3109 498 3150 ease.
531 3085 670 3162 Probent,
693 3086 738 3148 uti
754 3085 892 3160 vidimus:
917 3089 1016 3147 omnes
1034 3085 1151 3145 ononino
1168 3079 1252 3145 nibil.

41 3171 125 3236 ilulto
144 3174 241 3254 igitur
257 3175 353 3235 minus
371 3174 508 3236 audiendi
526 3184 602 3252 suat,
631 3173 681 3256 qui
698 3173 794 3260 legem
820 3176 855 3234 tie
873 3175 948 3234 lesta
967 3173 1024 3234 diei
1043 3169 1255 3234 oomtotoiot-
1275 3179 1277 3186 ⁴

42 3263 254 3338 servationeab
272 3261 346 3342 ipsis
364 3261 512 3342 Apostolls
530 3264 625 3323 datam
643 3281 721 3337 esse,
746 3283 783 3323 ex
807 3261 851 3322 liis
870 3261 1053 3336 collegerunt
1071 3257 1256 3330 testimoniis.

115 3340 288 3430 cantv.
322 3343 584 3412 ''P‘osterioris
610 3348 701 3412 aevi
731 3347 974 3426 scriptorum
1007 3349 1051 3408 de
1079 3345 1158 3408 diei
1182 3347 1255 3406 de-

43 3437 169 3499 ninioi
200 3433 478 3498 celebratione
506 3435 752 3498 t‘cstim'onia'.
792 3435 884 3496 Nebis
901 3431 1255 3512 tesamentnonstertorto

44 3525 94 3584 aeri
111 3524 294 3606 scriptorum
313 3524 421 3586 dedici
440 3523 577 3584 dominici
596 3517 794 3584 celebratione
811 3519 1010 3600 explicatoris,
1028 3539 1073 3592 aa,
1101 3519 1130 3577 in
1149 3517 1256 3598 quibus

44 3623 82 3672 ant
98 3611 183 3674 nulla
201 3621 254 3672 aut
270 3613 395 3674 obscura
414 3622 523 3672 tantum
541 3611 630 3691 bujus
648 3610 691 3671 rei
708 3609 739 3671 lit
755 3609 871 3682 mentio,
890 3616 962 3669 *ante
979 3625 1134 3668 recensere
1150 3603 1256 3686 placet,

44 3717 116 3776 quam
142 3698 316 3774 afferentur,
342 3715 418 3780 qnae
443 3697 627 3760 Christianos
647 3699 775 3778 'primurn
799 3694 991 3757 hebdomadis
1020 3692 1094 3754 diem
1127 3703 1157 3752 ut
1180 3691 1256 3752 diem

44 3783 137 3848 festum
154 3787 227 3847 inde
251 3805 269 3847 a
290 3785 377 3866 primi
401 3785 495 3848 seculi
519 3773 599 3846 exitu
615 3805 719 3846 revera
735 3783 836 3866 egisse
851 3777 985 3864 probant.
1027 3783 1127 3860 ltaque
1151 3799 1169 3840 a
1192 3777 1258 3839 Pli-

45 3873 83 3932 nio
97 3875 249 3936 iaciamus
265 3873 389 3935 initiam.
435 3872 549 3934 Etenim
566 3871 597 3932 in
613 3872 768 3933 notissima
784 3871 875 3952 hujus
890 3871 943 3932 riri
961 3867 1178 3948 ad‘Tnajanum
1199 3867 1258 3927 lm·
1338 3919 1344 3924 .

45 3973 199 4036 necatorem
215 3959 375 4040 epistela*)
393 3961 475 4033 baec,
493 3979 569 4040 quac
587 3961 625 4021 ad
646 3971 775 4022 nostrane
791 3980 852 4020 rem
866 3957 1020 4038 pertinent,
1037 3968 1138 4018 extant
1149 3957 1257 4016 rerba:

46 4049 101 4121 dlii,
118 4052 154 4110 ob
175 4045 267 4110 indice
290 4055 575 4122 contactionem
601 4049 776 4109 bitrieticaae
799 4049 928 4111 dicerunt
951 4055 977 4106 et
994 4053 1258 4124 ateanooucotaotc

47 4133 123 4204 stirne
139 4139 263 4218 quidem,
288 4138 337 4200 nod
351 4138 464 4212 decute,
489 4141 601 4214 quiqam
618 4145 682 4196 cate
697 4141 855 4210 manniam,
882 4134 995 4212 octona
1014 4143 1080 4194 ante
1095 4134 1188 4212 plores
1203 4149 1258 4192 oa·
1325 4149 1328 4156 ’

49 4239 98 4304 tao,
110 4245 169 4287 noo
185 4245 267 4286 aerae
287 4229 374 4286 otiam
391 4233 456 4286 cate
470 4228 569 4302 ciyinti
581 4243 704 4304 ¹tattoque.
752 4225 854 4286 Omnes
877 4229 902 4282 et
922 4225 1071 4300 imnaiaem
1093 4229 1171 4280 tacta
1193 4219 1259 4280 dea·

46 4379 289 4405 ffl-

111 4499 138 4570 *)
155 4499 274 4558 Plinii
293 4497 365 4553 Sec.
385 4496 510 4568 eppobb.
529 4492 565 4552 Χ.
587 4511 629 4568 ep.
647 4497 692 4558 97.
