2944 4904
224 275 289 352 res
581 247 1047 344 *assumus

225 451 380 539 gnstini
391 449 419 532 *)
442 445 558 514 uerbis:
591 439 794 511 Nemausiens
811 451 938 512 Ghrmm
959 447 1081 511 traditur
1098 447 1128 510 8.
1145 449 1201 509 hol.
1220 448 1283 523 iun.
1308 443 1455 507 ‘Deinde

226 533 602 625 chrysostomum)
626 535 762 612 excitant,
785 534 853 616 qui,
876 534 1043 612 Romanos,
1066 534 1117 607 ait,
1135 533 1245 596 babere
1262 533 1344 594 hunc
1360 531 1455 593 diem

224 622 352 692 ciendae
367 638 396 690 st
413 645 450 688 ex
465 621 574 685 tabulis
589 642 701 684 census
725 621 882 702 Augustei.
913 621 979 684 Hoc
991 641 998 685 z
1012 613 1137 684 iis-onice
1154 631 1183 683 ct
1199 617 1275 682 illud
1286 641 1295 681 ε
1306 618 1455 681 'truditur

225 726 359 783 nentrum
377 711 469 775 altero
485 710 606 788 grnrius
625 717 678 770 est.
717 709 865 772 Debuerat
880 729 970 770 unum
994 708 1098 770 saltem
1123 707 1274 770 nominare
1300 707 1450 788 Chryso-

226 815 354 878 sotmus,
388 798 437 879 qui
461 795 577 872 tabulas
602 795 678 857 istas
702 794 883 878 inspexisset
906 815 1069 876 nomenque
1094 795 1202 859 Christi
1226 805 1255 857 et
1279 793 1457 855 nativitatis

142 959 150 970 ,
227 891 291 971 ejus
307 888 382 948 diern
399 884 440 946 ibi
459 881 729 960 relatnmlegisset.
763 884 869 944 Nonne
886 880 1028 944 miraculo
1047 891 1100 958 est,
1118 903 1170 945 eas
1186 881 1216 942 in
1242 878 1323 942 liuta
1339 901 1455 942 rerum

224 971 427 1040 vicissitudine
442 989 477 1032 oc
492 969 591 1052 potins
608 969 799 1032 conversione
816 971 854 1030 ab
870 968 988 1030 interitu
999 968 1099 1030 »luisse
1123 968 1336 1031 conservatus‘l
1380 969 1455 1030 De—

222 1053 300 1146 mus,
317 1061 504 1122 conserentes
520 1055 617 1117 fuisse
634 1066 721 1137 atque
737 1058 810 1118 adeo
835 1039 1028 1118 Chriitianns-
1044 1076 1142 1118 corum
1161 1055 1360 1118 ridendorum
1391 1075 1454 1116 cu-

133 1193 153 1206 a
225 1149 303 1230 piem
322 1145 479 1220 habuissep
511 1163 607 1204 nonne
625 1164 643 1204 a
660 1142 759 1224 specie
781 1144 841 1204 reri
859 1137 1004 1216 obhorret,
1022 1142 1068 1205 his
1085 1163 1193 1204 census
1205 1141 1377 1219 Quiriniani
1398 1153 1454 1203 ta-

152 1247 157 1260 ·
227 1235 303 1300 bulis
322 1233 449 1296 omniurn
466 1242 494 1292 et
510 1230 695 1310 singulorum
712 1227 857 1291 interitum
875 1251 977 1291 recens
995 1239 1128 1310 natorum
1145 1239 1173 1292 ct
1190 1249 1298 1312 annum
1317 1237 1346 1290 et
1364 1227 1453 1290 diem

226 1329 255 1386 et
269 1317 496 1384 nomina·iuissc
514 1317 750 1397 comprehensul
783 1317 888 1378 Nonne
904 1316 979 1378 illnd
1001 1316 1128 1398 denique
1153 1315 1285 1398 precario
1302 1314 1454 1394 sumitur,

222 1410 384 1484 Christum,
402 1415 556 1486 snte'quarn
575 1415 710 1485 parentes
735 1404 800 1485 ejus
817 1395 937 1465 nomina
961 1423 1017 1466 sna
1041 1403 1261 1485 profiterentur,
1285 1401 1318 1463 in
1342 1401 1456 1465 lucem

226 1505 396 1574 susceptum
413 1492 504 1555 e'ssel

312 1582 387 1644 Nem
410 1599 471 1642 non
495 1587 539 1640 est
553 1565 600 1640 ‘de
625 1575 726 1654 nihilo,
752 1576 910 1658 scriptores
935 1597 1046 1650 sacres,
1065 1597 1154 1658 quum
1172 1596 1211 1654 ex
1226 1574 1324 1637 Maria
1340 1584 1458 1637 natum

227 1669 365 1751 optimum
384 1668 570 1730 Sorrotdrern
589 1674 828 1739 commemorant,
845 1683 942 1744 neque
960 1683 1068 1726 annum
1087 1683 1181 1744 neque
1199 1681 1327 1733 mensem
1345 1683 1459 1743 neque

227 1759 313 1835 dican,
342 1775 401 1837 quo
427 1752 521 1814 editus
547 1762 605 1832 est,
622 1750 787 1833 prodidisse
796 1748 868 1831 m).
906 1751 972 1813 Non
995 1750 1043 1814 hic
1065 1749 1245 1832 quaerimus,
1262 1770 1333 1826 cnr,
1351 1771 1458 1830 quum

222 1917 471 1934 ——m

297 2007 599 2148 :iiiiiii'itia
629 2073 724 2124 netes.
751 2069 816 2138 opp.
838 2068 869 2122 u.
891 2070 925 2122 11.
946 2089 972 2140 p.
999 2068 1074 2136 sot.)
1102 2071 1147 2122 uer
1165 2070 1271 2124 serrare:
1303 2059 1459 2122 οὕτωκαὶ

165 2148 171 2154 “
226 2143 294 2211 uitri
312 2141 408 2214 ἡμέρα,
429 2139 506 2208 παρὰ
524 2139 652 2211 potencie
671 2137 721 2204 τὴν
739 2137 862 2205 ἑσπέραν
878 2140 1004 2190 οἰκοῦσιν
1023 2134 1136 2190 ἄνωθεν
1154 2138 1353 2208 γνωριζομένη,
1373 2138 1459 2204 πρὸς

221 2212 345 2278 ,irretierit
364 2215 529 2282 κομισθεῖσα
548 2211 609 2274 νῦν,
629 2209 676 2259 καὶ
693 2204 726 2259 οὐ
745 2202 800 2274 πρὸ
819 2207 935 2262 πολλῶν
959 2207 1029 2260 dordr
1053 2200 1164 2275 oidprior
1181 2202 1268 2266 οὕτως
1289 2203 1455 2277 ἀνέδραμε,

225 2286 283 2337 κτλ.
328 2284 378 2335 Sed
406 2287 447 2334 est
469 2295 540 2332 mero
566 2277 731 2344 conjectura,
759 2291 825 2342 qua,
846 2283 875 2326 ut
894 2283 951 2328 erut
970 2291 1077 2342 magnus
1098 2283 1196 2340 orator,
1218 2275 1397 2340 angustiorem
1428 2282 1457 2331 ei

226 2355 278 2406 diei
297 2355 419 2404 honorem
437 2349 503 2417 apud
524 2363 584 2399 suos
605 2347 744 2398 conciliare
761 2345 854 2396 voluit.
890 2343 1030 2396 Praeterea
1056 2345 1086 2395 do
1113 2351 1226 2414 tempore
1253 2351 1353 2395 tuntum
1373 2345 1457 2399 illius

226 2437 318 2474 census
336 2420 470 2486 loquitur,¹
486 2417 552 2484 quiid
574 2417 620 2478 eit,
642 2430 675 2466 ex
694 2414 733 2465 bis
752 2413 848 2464 tabulis
869 2413 984 2479 perlecte
1003 2414 1130 2480 pleneque
1147 2413 1268 2476 cognosci
1284 2427 1377 2480 posse:
1399 2419 1458 2466 καὶ

225 2474 1457 2620 {tt,itt-ttetetenstete‘tttrtl‘tttt'trtltttti‘ttttttttm

225 2624 418 2676 lldmnndus
436 2619 662 2673 Martenemit.
691 2627 740 2674 eet.
765 2620 827 2670 eccl.
856 2621 952 2680 tom.,3
970 2586 1059 2684 p·’90.
1081 2634 1114 2670 ea
1132 2617 1181 2670 hnc
1198 2617 1372 2670 lobannis
1394 2621 1467 2674 llo-r

224 2691 296 2744 milia
321 2695 440 2741 constare
458 2695 549 2754 putot,
577 2687 632 2751 jam
655 2685 714 2737 inde
734 2701 748 2736 a
769 2686 857 2752 primis
876 2687 1035 2753 temporibus
1055 2685 1193 2751 ecclesiae,
1213 2685 1338 2750 communi
1359 2703 1457 2756 popu.

224 2759 308 2810 lorum
329 2769 464 2819 consensu,
485 2771 533 2804 non
552 2755 626 2804 modu
647 2753 793 2803 institutum
813 2753 893 2803 luisse
913 2754 1005 2805 tostum
1022 2751 1239 2818 natalisllomiui,
1257 2758 1457 2812 verumetiam

161 2854 163 2860 ·
226 2825 386 2878 sollennitati
405 2823 460 2887 ejus
479 2823 546 2872 hnnc
566 2821 728 2884 adsignatum
748 2819 813 2871 diem
835 2823 878 2874 25.
899 2822 955 2874 dec.
982 2821 1047 2874 Nem
1072 2823 1266 2874 commemorari
1290 2839 1306 2872 a
1329 2822 1457 2894 Chry-

225 2901 380 2946 sostomo
402 2907 459 2942 cum
480 2889 546 2941 diem
564 2889 632 2955 apud
653 2903 740 2938 omues
758 2889 899 2956 populosa
922 2889 1036 2942 Thracia
1055 2907 1136 2958 neque
1155 2891 1187 2941 ad
1207 2889 1291 2942 Gades
1313 2889 1345 2942 ab
1365 2892 1455 2948 initio

117 2974 119 2978 ·
225 2963 312 3014 atatim
327 2959 493 3020 celebratum,
512 2958 670 3023 eundemque
682 2972 697 3007 u
711 2955 831 3008 llomanis
849 2973 882 3009 ex
900 2959 990 3010 codice
1008 2959 1078 3009 illins
1093 2957 1192 3024 judaici
1213 2973 1306 3010 census
1325 2961 1454 3023 agnitum

226 3031 316 3082 luisse.
353 3027 426 3146 ἳιιοιί
445 3027 477 3077 ab
504 3025 604 3078 homine
628 3023 758 3091 pontificio
782 3025 853 3075 credi
872 3032 899 3076 et
919 3027 998 3094 arripi
1018 3043 1066 3077 non
1084 3026 1229 3078 mirandum
1248 3035 1307 3094 est3
1327 3033 1356 3078 at
1376 3029 1454 3084 illud

221 3097 319 3163 justam
340 3111 354 3146 a
374 3095 534 3145 mirationem
551 3093 638 3156 habet,
662 3091 762 3160 quodi.
781 3092 813 3143 A.
828 3094 965 3156 Bengolius
984 3109 1040 3146 carn
1055 3101 1144 3146 coctus
1157 3093 1267 3146 humaui
1286 3099 1455 3153 sententiam

225 3165 256 3214 de
274 3164 386 3226 Christo,
400 3162 441 3211 die
459 3164 502 3216 25.
521 3161 577 3213 dec.
592 3169 662 3226 outo,
679 3161 881 3228 amplectendam
896 3162 993 3224 sciscit,
1014 3169 1041 3214 ct
1057 3161 1264 3215 Wilhelmns
1280 3161 1455 3228 Longius

225 3230 256 3282 de
281 3231 354 3280 annis
380 3228 477 3280 Christi
501 3245 526 3296 p.
546 3233 606 3284 357.
635 3229 741 3281 eandem
767 3245 817 3282 non
840 3229 895 3294 jam
920 3231 1101 3294 verisimilem,
1121 3231 1167 3282 sed
1183 3245 1272 3282 verum
1291 3247 1322 3284 ae
1342 3242 1455 3291 certam

224 3298 387 3366 pronunciat.
423 3295 478 3348 Non
497 3299 578 3362 iungis
599 3299 714 3366 prolecto
736 3300 784 3350 hnc
804 3298 910 3349 tabulae
933 3301 1020 3350 actia
1048 3299 1164 3364 Quirinio
1193 3313 1305 3361 sensus,
1344 3297 1461 3358 nomas

181 3399 188 3422 r
225 3365 284 3418 olim
298 3367 460 3430 adservatae,
483 3381 557 3432 quam
576 3365 623 3418 illa
636 3366 750 3434 insepti,
770 3366 959 3432 nesciocuius,
980 3367 1221 3434 chronographica
1241 3365 1347 3418 ludaeis
1368 3379 1439 3426 aeta

224 3449 289 3502 quac
319 3450 334 3486 a
358 3433 417 3486 Tito
445 3433 507 3502 imp.
538 3435 722 3504 Hierosolymis
748 3434 853 3486 Rumam
881 3436 1019 3502 deportata
1044 3435 1140 3487 lulium
1167 3451 1192 3503 p.
1223 3453 1245 3486 r.
1265 3413 1453 3510 consuluisse:

223 3505 330 3570 megaris
351 3520 366 3555 a
386 3503 552 3556 fabulositate
571 3511 662 3556 auctor
681 3503 695 3555 l
706 3521 719 3556 o
730 3505 769 3555 ba
780 3519 862 3561 ones
881 3501 942 3554 Nic
953 3519 968 3554 a
978 3520 1015 3555 en
1025 3520 1062 3556 us
1083 3503 1185 3570 scribit,
1204 3504 1279 3556 fldem
1289 3505 1362 3556 nobis
1371 3505 1459 3565 lecese

134 3633 138 3642 ⁸
223 3574 276 3625 rint
293 3573 324 3624 de
345 3573 387 3624 die
404 3573 430 3626 8.
450 3571 502 3622 kal.
518 3572 575 3636 J‘au.

291 3639 355 3708 sse)
372 3640 472 3692 Adsunt
490 3640 591 3704 quidem
610 3641 774 3692 characteres
794 3639 979 3705 chronologici.
1016 3639 1081 3692 Nam
1100 3637 1223 3690 Christus
1242 3648 1318 3692 natus
1337 3649 1378 3694 est
1399 3629 1458 3710 inp-i

221 3716 329 3777 perante
348 3708 463 3774 Augusto
483 3705 604 3774 Caesone,
628 3724 677 3776 quo
697 3715 812 3775 tempore
832 3723 924 3760 census
944 3709 1080 3772 agebatur,
1100 3707 1233 3774 Quirinius
1250 3707 1344 3772 Syriae
1364 3713 1457 3802 praei

223 3778 325 3828 sidebnt
353 3783 380 3828 et
404 3775 517 3828 Herodes
542 3773 578 3826 M.
606 3777 689 3826 adbuc
709 3775 735 3826 in
753 3775 820 3826 viris
841 3783 906 3830 erat.
942 3777 1059 3844 Denique
1079 3773 1197 3826 Christus
1217 3792 1312 3828 annum
1343 3784 1444 3840 aetati*

186 3851 193 3858 '
223 3860 301 3910 agens
322 3845 490 3909 tricesimum,
509 3843 552 3909 qui
574 3844 665 3894 incidit
680 3844 706 3893 in
725 3841 823 3896 'liberii
845 3840 964 3897 caesarii
984 3860 1078 3898 anuum
1096 3843 1198 3910 imperil
1219 3845 1345 3897 decimum
1366 3853 1439 3916 quin

114 3962 118 3970 ,
182 3925 186 3928 ·
222 3918 292 3976 tum,
318 3927 419 3964 sacrum
443 3927 534 3964 munus
560 3912 709 3978 auspicatos
735 3919 784 3965 est.
820 3911 869 3963 Sed
897 3921 988 3970 contra
1015 3914 1067 3964 hae
1086 3911 1240 3964 oboriuntur
1259 3913 1439 3976 difficultates

222 3979 421 4042 lancelinum,
455 3981 498 4046 spui
523 3980 565 4030 hio
590 3980 622 4029 nd
652 3979 765 4032 calculos
784 3980 884 4043 sedent,
906 3997 938 4033 an
957 3981 1061 4050 imperil
1077 3979 1203 4044 Augustei
1222 3996 1303 4032 nanos
1322 3997 1336 4034 a
1355 3986 1446 4044 cned'

220 4047 283 4099 Julii
299 4046 428 4112 Caesaris,
448 4061 481 4097 an
501 4063 515 4098 a
532 4047 612 4114 primo
630 4045 766 4098 Octaviani
785 4049 931 4114 consulatu,
951 4066 984 4101 an
1000 4065 1016 4101 a
1030 4049 1114 4116 primo
1131 4049 1188 4114 ejns
1206 4049 1371 4102 triumviratu
1397 4073 1439 4114 nu

181 4177 183 4187 Ι
221 4131 321 4168 morare
342 4113 475 4182 incipiant.
500 4115 540 4167 Ex
557 4115 641 4166 tribus
659 4113 711 4166 illie
729 4117 771 4167 vol
789 4124 900 4183 quatuor
918 4118 950 4170 nb
969 4119 1086 4183 Augusto
1105 4115 1182 4168 lactis
1197 4117 1226 4169 in
1246 4117 1308 4168 orbe
1328 4133 1429 4178 roman

221 4183 445 4250 descriptionibus,
465 4199 528 4250 quus
548 4183 664 4235 historici
682 4192 834 4252 memorant,
848 4185 924 4237 'nulla
942 4194 992 4252 est,
1007 4202 1077 4254 qnae
1096 4186 1122 4237 in
1142 4187 1190 4238 boe
1208 4192 1310 4253 ternpus
1326 4186 1445 4250 incidat'

220 4249 285 4303 Vide
309 4252 390 4318 patris
416 4253 466 4302 mel
494 4251 603 4306 Gottl.
629 4249 875 4306 Wernsdoriii
896 4255 962 4322 disp.
981 4255 1015 4308 dc
1036 4269 1125 4320 censu,
1144 4271 1217 4324 quens
1241 4255 1320 4308 nrm.
1341 4258 1439 4320 Octuu

213 4321 286 4388 dep.
305 4326 420 4387 tenpore
441 4321 591 4372 natiuitatis
610 4319 710 4374 monet
727 4339 775 4389 per
791 4323 878 4376 orbem
897 4331 1032 4377 terrorum
1049 4324 1123 4392 fecit.
1159 4319 1247 4374 vitan
1268 4321 1342 4376 1693.
1364 4335 1396 4380 et
1414 4333 1451 4386 Bt

220 4387 251 4440 G.
270 4387 433 4450 llicbard,
444 4388 486 4458 ,de
504 4391 701 4454 emanauerit
720 4393 842 4444 numeror
859 4392 1040 4445 indicto'ibid.
1061 4390 1136 4445 1704.
1159 4387 1245 4456 Quare
1261 4393 1336 4457 quum
1354 4397 1429 4451 πᾶα

219 4451 368 4530 ὂικουμίνη
386 4454 515 4512 interdum
534 4454 709 4514 Palaestinam
725 4455 826 4514 tontum
843 4460 966 4528 denotet,
985 4459 1031 4516 alii
1047 4453 1212 4530 peculiarem
1240 4459 1335 4513 civium
1351 4459 1415 4521 ller-

1258 4585 1449 4857 l
