<?xml version="1.0" encoding="UTF-8"?>
<!DOCTYPE html PUBLIC "-//W3C//DTD XHTML 1.0 Transitional//EN"
    "http://www.w3.org/TR/xhtml1/DTD/xhtml1-transitional.dtd">
<html xmlns="http://www.w3.org/1999/xhtml" xml:lang="en" lang="en">
 <head>
  <title>
</title>
<meta http-equiv="Content-Type" content="text/html;charset=utf-8" />
  <meta name='ocr-system' content='tesseract 3.04.00' />
  <meta name='ocr-capabilities' content='ocr_page ocr_carea ocr_par ocr_line ocrx_word'/>
</head>
<body>
  <div class='ocr_page' id='page_1' title='image "./thesauruscommen01volbgoog_0149.png"; bbox 0 0 2944 4904; ppageno 0'>
   <div class='ocr_carea' id='block_1_1' title="bbox 208 286 970 367">
    <p class='ocr_par' dir='ltr' id='par_1_1' title="bbox 208 286 970 367">
     <span class='ocr_line' id='line_1_1' title="bbox 208 286 970 367; baseline 0.007 -14"><span class='ocrx_word' id='word_1_1' title='bbox 208 297 273 367; x_wconf 74' lang='lat' dir='ltr'><strong>m</strong></span> <span class='ocrx_word' id='word_1_2' title='bbox 527 296 529 302; x_wconf 84' lang='lat'>&#39;</span> <span class='ocrx_word' id='word_1_3' title='bbox 685 297 723 364; x_wconf 78' lang='lat' dir='ltr'><strong>ld.</strong></span> <span class='ocrx_word' id='word_1_4' title='bbox 737 295 775 362; x_wconf 77' lang='lat' dir='ltr'><strong>ll.</strong></span> <span class='ocrx_word' id='word_1_5' title='bbox 790 286 970 364; x_wconf 79' lang='lat' dir='ltr'><strong>Wemsdorl</strong></span> 
     </span>
    </p>
   </div>
   <div class='ocr_carea' id='block_1_2' title="bbox 154 464 1467 1420">
    <p class='ocr_par' dir='ltr' id='par_1_2' title="bbox 154 464 1467 1420">
     <span class='ocr_line' id='line_1_2' title="bbox 209 464 1467 549; baseline -0.01 -8"><span class='ocrx_word' id='word_1_6' title='bbox 209 475 290 541; x_wconf 79' lang='lat' dir='ltr'><strong>viros</strong></span> <span class='ocrx_word' id='word_1_7' title='bbox 317 477 346 534; x_wconf 91' lang='lat' dir='ltr'><strong>et</strong></span> <span class='ocrx_word' id='word_1_8' title='bbox 369 467 566 549; x_wconf 77' lang='lat' dir='ltr'><strong>chronologos</strong></span> <span class='ocrx_word' id='word_1_9' title='bbox 591 468 776 532; x_wconf 83' lang='lat' dir='ltr'><strong>acutissimos</strong></span> <span class='ocrx_word' id='word_1_10' title='bbox 808 475 945 532; x_wconf 77' lang='lat' dir='ltr'><strong>auctores</strong></span> <span class='ocrx_word' id='word_1_11' title='bbox 968 473 1057 530; x_wconf 84' lang='lat' dir='ltr'><strong>aeota</strong></span> <span class='ocrx_word' id='word_1_12' title='bbox 1080 471 1126 528; x_wconf 88' lang='lat' dir='ltr'><strong>ost</strong></span> <span class='ocrx_word' id='word_1_13' title='bbox 1151 473 1180 527; x_wconf 91' lang='lat' dir='ltr'><strong>et</strong></span> <span class='ocrx_word' id='word_1_14' title='bbox 1199 464 1429 546; x_wconf 57' lang='lat' dir='ltr'><strong>defensorem).</strong></span> <span class='ocrx_word' id='word_1_15' title='bbox 1466 477 1467 502; x_wconf 46' lang='lat' dir='ltr'><strong>i</strong></span> 
     </span>
     <span class='ocr_line' id='line_1_3' title="bbox 154 553 1467 654; baseline -0.005 -29"><span class='ocrx_word' id='word_1_16' title='bbox 154 574 161 578; x_wconf 82' lang='grc'><strong>“</strong></span> <span class='ocrx_word' id='word_1_17' title='bbox 209 563 285 627; x_wconf 82' lang='lat' dir='ltr'><strong>Nam</strong></span> <span class='ocrx_word' id='word_1_18' title='bbox 308 556 383 620; x_wconf 90' lang='lat' dir='ltr'><strong>illud</strong></span> <span class='ocrx_word' id='word_1_19' title='bbox 408 553 497 636; x_wconf 86' lang='lat' dir='ltr'><strong>plane</strong></span> <span class='ocrx_word' id='word_1_20' title='bbox 513 554 665 634; x_wconf 76' lang='lat' dir='ltr'><strong>singulare</strong></span> <span class='ocrx_word' id='word_1_21' title='bbox 682 566 735 632; x_wconf 87' lang='lat' dir='ltr'><strong>ast,</strong></span> <span class='ocrx_word' id='word_1_22' title='bbox 750 559 837 638; x_wconf 88' lang='lat' dir='ltr'><strong>quod,</strong></span> <span class='ocrx_word' id='word_1_23' title='bbox 861 557 911 637; x_wconf 92' lang='lat' dir='ltr'><strong>qui</strong></span> <span class='ocrx_word' id='word_1_24' title='bbox 929 553 1133 620; x_wconf 78' lang='lat' dir='ltr'><strong>diversissima</strong></span> <span class='ocrx_word' id='word_1_25' title='bbox 1154 553 1269 654; x_wconf 71' lang='lat' dir='ltr'><strong>ratione</strong></span> <span class='ocrx_word' id='word_1_26' title='bbox 1292 554 1432 618; x_wconf 64' lang='lat' dir='ltr'><strong>notatos</strong></span> <span class='ocrx_word' id='word_1_27' title='bbox 1466 631 1467 648; x_wconf 15' lang='grc' dir='ltr'>ἶ</span> 
     </span>
     <span class='ocr_line' id='line_1_4' title="bbox 211 641 1467 732; baseline -0.006 -22"><span class='ocrx_word' id='word_1_28' title='bbox 211 655 373 732; x_wconf 84' lang='lat' dir='ltr'><strong>posuerant</strong></span> <span class='ocrx_word' id='word_1_29' title='bbox 386 644 426 706; x_wconf 86' lang='lat' dir='ltr'><strong>ad</strong></span> <span class='ocrx_word' id='word_1_30' title='bbox 442 642 653 724; x_wconf 83' lang='lat' dir='ltr'><strong>exquirendum</strong></span> <span class='ocrx_word' id='word_1_31' title='bbox 669 644 795 706; x_wconf 66' lang='lat' dir='ltr'><strong>namlear</strong></span> <span class='ocrx_word' id='word_1_32' title='bbox 812 643 933 722; x_wconf 86' lang='lat' dir='ltr'><strong>Christi,</strong></span> <span class='ocrx_word' id='word_1_33' title='bbox 952 651 1068 726; x_wconf 83' lang='lat' dir='ltr'><strong>praeter</strong></span> <span class='ocrx_word' id='word_1_34' title='bbox 1085 641 1252 722; x_wconf 88' lang='lat' dir='ltr'><strong>opinroueru</strong></span> <span class='ocrx_word' id='word_1_35' title='bbox 1267 663 1354 706; x_wconf 84' lang='lat' dir='ltr'><strong>suom</strong></span> <span class='ocrx_word' id='word_1_36' title='bbox 1370 657 1433 705; x_wconf 56' lang='lat' dir='ltr'><strong>eoa</strong></span> <span class='ocrx_word' id='word_1_37' title='bbox 1466 699 1467 704; x_wconf 74' lang='grc'>,</span> 
     </span>
     <span class='ocr_line' id='line_1_5' title="bbox 211 727 1337 806; baseline -0.01 -8"><span class='ocrx_word' id='word_1_38' title='bbox 211 739 279 798; x_wconf 85' lang='lat' dir='ltr'><strong>dem</strong></span> <span class='ocrx_word' id='word_1_39' title='bbox 302 727 586 806; x_wconf 78' lang='lat' dir='ltr'><strong>eollineaveriat*⁸).</strong></span> <span class='ocrx_word' id='word_1_40' title='bbox 1332 762 1337 766; x_wconf 97' lang='lat'><em>-</em></span> 
     </span>
     <span class='ocr_line' id='line_1_6' title="bbox 298 814 1436 896; baseline -0.004 -13"><span class='ocrx_word' id='word_1_41' title='bbox 298 815 378 883; x_wconf 83' lang='lat' dir='ltr'><strong>Nihil</strong></span> <span class='ocrx_word' id='word_1_42' title='bbox 405 824 501 878; x_wconf 88' lang='lat' dir='ltr'><strong>antem</strong></span> <span class='ocrx_word' id='word_1_43' title='bbox 527 815 646 878; x_wconf 72' lang='lat' dir='ltr'><strong>facilius</strong></span> <span class='ocrx_word' id='word_1_44' title='bbox 669 814 731 876; x_wconf 85' lang='lat' dir='ltr'><strong>lieri</strong></span> <span class='ocrx_word' id='word_1_45' title='bbox 754 814 861 894; x_wconf 89' lang='lat' dir='ltr'><strong>potnit,</strong></span> <span class='ocrx_word' id='word_1_46' title='bbox 887 833 974 896; x_wconf 86' lang='lat' dir='ltr'><strong>quam</strong></span> <span class='ocrx_word' id='word_1_47' title='bbox 999 823 1031 876; x_wconf 89' lang='lat' dir='ltr'><strong>ut</strong></span> <span class='ocrx_word' id='word_1_48' title='bbox 1056 833 1157 876; x_wconf 85' lang='lat' dir='ltr'><strong>vorum</strong></span> <span class='ocrx_word' id='word_1_49' title='bbox 1181 822 1295 894; x_wconf 82' lang='lat' dir='ltr'><strong>tempus</strong></span> <span class='ocrx_word' id='word_1_50' title='bbox 1316 817 1436 878; x_wconf 87' lang='lat' dir='ltr'><strong>natalis</strong></span> 
     </span>
     <span class='ocr_line' id='line_1_7' title="bbox 212 899 1434 982; baseline -0.008 -9"><span class='ocrx_word' id='word_1_51' title='bbox 212 906 321 973; x_wconf 80' lang='lat' dir='ltr'><strong>chrisa</strong></span> <span class='ocrx_word' id='word_1_52' title='bbox 338 913 452 968; x_wconf 79' lang='lat' dir='ltr'><strong>veteres</strong></span> <span class='ocrx_word' id='word_1_53' title='bbox 467 901 656 981; x_wconf 71' lang='lat' dir='ltr'><strong>ignorarent,</strong></span> <span class='ocrx_word' id='word_1_54' title='bbox 680 899 763 962; x_wconf 88' lang='lat' dir='ltr'><strong>nullo</strong></span> <span class='ocrx_word' id='word_1_55' title='bbox 780 900 874 964; x_wconf 88' lang='lat' dir='ltr'><strong>tribus</strong></span> <span class='ocrx_word' id='word_1_56' title='bbox 901 901 1001 982; x_wconf 86' lang='lat' dir='ltr'><strong>primis</strong></span> <span class='ocrx_word' id='word_1_57' title='bbox 1028 900 1138 962; x_wconf 83' lang='lat' dir='ltr'><strong>seculis</strong></span> <span class='ocrx_word' id='word_1_58' title='bbox 1158 899 1238 962; x_wconf 86' lang='lat' dir='ltr'><strong>-festo</strong></span> <span class='ocrx_word' id='word_1_59' title='bbox 1261 901 1434 965; x_wconf 82' lang='lat' dir='ltr'><strong>nativitatis</strong></span> 
     </span>
     <span class='ocr_line' id='line_1_8' title="bbox 211 987 1438 1070; baseline -0.005 -12"><span class='ocrx_word' id='word_1_60' title='bbox 211 991 329 1058; x_wconf 78' lang='lat' dir='ltr'><strong>Domini</strong></span> <span class='ocrx_word' id='word_1_61' title='bbox 347 989 514 1052; x_wconf 82' lang='lat' dir='ltr'><strong>constituto.</strong></span> <span class='ocrx_word' id='word_1_62' title='bbox 546 991 579 1051; x_wconf 90' lang='lat' dir='ltr'><strong>ln</strong></span> <span class='ocrx_word' id='word_1_63' title='bbox 595 1009 654 1070; x_wconf 91' lang='lat' dir='ltr'><strong>qua</strong></span> <span class='ocrx_word' id='word_1_64' title='bbox 676 988 818 1050; x_wconf 84' lang='lat' dir='ltr'><strong>festorum</strong></span> <span class='ocrx_word' id='word_1_65' title='bbox 835 987 1059 1050; x_wconf 81' lang='lat' dir='ltr'><strong>christianorum</strong></span> <span class='ocrx_word' id='word_1_66' title='bbox 1075 987 1155 1049; x_wconf 82' lang='lat' dir='ltr'><strong>velut</strong></span> <span class='ocrx_word' id='word_1_67' title='bbox 1172 989 1355 1067; x_wconf 78' lang='lat' dir='ltr'><strong>parsimonia</strong></span> <span class='ocrx_word' id='word_1_68' title='bbox 1378 1011 1438 1052; x_wconf 90' lang='lat' dir='ltr'><strong>se-</strong></span> 
     </span>
     <span class='ocr_line' id='line_1_9' title="bbox 178 1067 1438 1162; baseline -0.005 -18"><span class='ocrx_word' id='word_1_69' title='bbox 178 1067 180 1072; x_wconf 48' lang='grc'><strong>’</strong></span> <span class='ocrx_word' id='word_1_70' title='bbox 211 1081 279 1144; x_wconf 75' lang='lat' dir='ltr'><strong>tulo</strong></span> <span class='ocrx_word' id='word_1_71' title='bbox 295 1101 324 1162; x_wconf 88' lang='lat' dir='ltr'><strong>p.</strong></span> <span class='ocrx_word' id='word_1_72' title='bbox 343 1078 414 1142; x_wconf 79' lang='lat' dir='ltr'><strong>cnr.</strong></span> <span class='ocrx_word' id='word_1_73' title='bbox 432 1075 520 1140; x_wconf 88' lang='lat' dir='ltr'><strong>n.lV.</strong></span> <span class='ocrx_word' id='word_1_74' title='bbox 536 1077 655 1139; x_wconf 88' lang='lat' dir='ltr'><strong>ineunte</strong></span> <span class='ocrx_word' id='word_1_75' title='bbox 673 1085 776 1156; x_wconf 83' lang='lat' dir='ltr'><strong>coepta</strong></span> <span class='ocrx_word' id='word_1_76' title='bbox 793 1087 839 1137; x_wconf 89' lang='lat' dir='ltr'><strong>est</strong></span> <span class='ocrx_word' id='word_1_77' title='bbox 853 1072 972 1155; x_wconf 86' lang='lat' dir='ltr'><strong>publiea</strong></span> <span class='ocrx_word' id='word_1_78' title='bbox 989 1074 1134 1137; x_wconf 87' lang='lat' dir='ltr'><strong>oelebrari</strong></span> <span class='ocrx_word' id='word_1_79' title='bbox 1152 1073 1287 1138; x_wconf 81' lang='lat' dir='ltr'><strong>nativitas</strong></span> <span class='ocrx_word' id='word_1_80' title='bbox 1298 1077 1438 1156; x_wconf 83' lang='lat' dir='ltr'><strong>Domini,</strong></span> 
     </span>
     <span class='ocr_line' id='line_1_10' title="bbox 213 1161 1440 1247; baseline -0.001 -18"><span class='ocrx_word' id='word_1_81' title='bbox 213 1167 261 1229; x_wconf 89' lang='lat' dir='ltr'><strong>dio</strong></span> <span class='ocrx_word' id='word_1_82' title='bbox 278 1167 310 1229; x_wconf 80' lang='lat' dir='ltr'><strong>b.</strong></span> <span class='ocrx_word' id='word_1_83' title='bbox 323 1166 386 1247; x_wconf 85' lang='lat' dir='ltr'><strong>jan.</strong></span> <span class='ocrx_word' id='word_1_84' title='bbox 405 1164 581 1243; x_wconf 81' lang='lat' dir='ltr'><strong>sonjonotim</strong></span> <span class='ocrx_word' id='word_1_85' title='bbox 599 1185 665 1226; x_wconf 89' lang='lat' dir='ltr'><strong>oum</strong></span> <span class='ocrx_word' id='word_1_86' title='bbox 684 1162 768 1224; x_wconf 89' lang='lat' dir='ltr'><strong>trium</strong></span> <span class='ocrx_word' id='word_1_87' title='bbox 788 1161 994 1224; x_wconf 85' lang='lat' dir='ltr'><strong>henefiuiorum</strong></span> <span class='ocrx_word' id='word_1_88' title='bbox 1011 1161 1164 1237; x_wconf 87' lang='lat' dir='ltr'><strong>memoria,</strong></span> <span class='ocrx_word' id='word_1_89' title='bbox 1182 1162 1440 1228; x_wconf 77' lang='lat' dir='ltr'><strong>manifestationis</strong></span> 
     </span>
     <span class='ocr_line' id='line_1_11' title="bbox 213 1248 1467 1347; baseline -0.002 -31"><span class='ocrx_word' id='word_1_90' title='bbox 213 1257 245 1316; x_wconf 91' lang='lat' dir='ltr'><strong>in</strong></span> <span class='ocrx_word' id='word_1_91' title='bbox 268 1251 430 1334; x_wconf 80' lang='lat' dir='ltr'><strong>baptismo,</strong></span> <span class='ocrx_word' id='word_1_92' title='bbox 456 1249 487 1310; x_wconf 89' lang='lat' dir='ltr'><strong>in</strong></span> <span class='ocrx_word' id='word_1_93' title='bbox 508 1253 636 1313; x_wconf 84' lang='lat' dir='ltr'><strong>adventu</strong></span> <span class='ocrx_word' id='word_1_94' title='bbox 660 1269 812 1328; x_wconf 76' lang='lat' dir='ltr'><strong>magorum</strong></span> <span class='ocrx_word' id='word_1_95' title='bbox 837 1258 866 1310; x_wconf 90' lang='lat' dir='ltr'><strong>et</strong></span> <span class='ocrx_word' id='word_1_96' title='bbox 886 1249 917 1309; x_wconf 89' lang='lat' dir='ltr'><strong>in</strong></span> <span class='ocrx_word' id='word_1_97' title='bbox 942 1249 1052 1330; x_wconf 89' lang='lat' dir='ltr'><strong>nuptiis</strong></span> <span class='ocrx_word' id='word_1_98' title='bbox 1076 1248 1258 1347; x_wconf 67' lang='lat' dir='ltr'><strong>Canqaitieis</strong></span> <span class='ocrx_word' id='word_1_99' title='bbox 1283 1249 1439 1333; x_wconf 77' lang='lat' dir='ltr'><strong>miraculo</strong></span> <span class='ocrx_word' id='word_1_100' title='bbox 1466 1289 1467 1304; x_wconf 65' lang='lat'>2</span> 
     </span>
     <span class='ocr_line' id='line_1_12' title="bbox 213 1324 1441 1420; baseline -0.002 -18"><span class='ocrx_word' id='word_1_101' title='bbox 213 1335 368 1419; x_wconf 50' lang='lat' dir='ltr'><strong>adiiollf).</strong></span> <span class='ocrx_word' id='word_1_102' title='bbox 384 1336 443 1415; x_wconf 74' lang='lat' dir='ltr'><strong>Qui</strong></span> <span class='ocrx_word' id='word_1_103' title='bbox 461 1336 524 1400; x_wconf 90' lang='lat' dir='ltr'><strong>dies</strong></span> <span class='ocrx_word' id='word_1_104' title='bbox 540 1346 704 1420; x_wconf 89' lang='lat' dir='ltr'><strong>propterea,</strong></span> <span class='ocrx_word' id='word_1_105' title='bbox 720 1337 797 1418; x_wconf 89' lang='lat' dir='ltr'><strong>qnod</strong></span> <span class='ocrx_word' id='word_1_106' title='bbox 808 1325 907 1416; x_wconf 77' lang='grc' dir='ltr'><em>ἐφάνη</em></span> <span class='ocrx_word' id='word_1_107' title='bbox 924 1329 941 1395; x_wconf 84' lang='grc' dir='ltr'>ὁ</span> <span class='ocrx_word' id='word_1_108' title='bbox 958 1324 1036 1406; x_wconf 76' lang='grc' dir='ltr'><strong>Θεὸς</strong></span> <span class='ocrx_word' id='word_1_109' title='bbox 1051 1328 1236 1416; x_wconf 74' lang='grc' dir='ltr'>ἀνθρωποις</span> <span class='ocrx_word' id='word_1_110' title='bbox 1252 1325 1303 1396; x_wconf 78' lang='grc' dir='ltr'><strong>διὰ</strong></span> <span class='ocrx_word' id='word_1_111' title='bbox 1318 1329 1441 1419; x_wconf 70' lang='grc' dir='ltr'><strong><em>γεννή-</em></strong></span> 
     </span>
    </p>
   </div>
   <div class='ocr_carea' id='block_1_3' title="bbox 217 1494 442 1524">
    <p class='ocr_par' dir='ltr' id='par_1_3' title="bbox 217 1494 442 1524">
     <span class='ocr_line' id='line_1_13' title="bbox 217 1494 442 1524; baseline 0.013 -17"><span class='ocrx_word' id='word_1_112' title='bbox 217 1494 442 1524; x_wconf 76' lang='grc'>.,.............</span> 
     </span>
    </p>
   </div>
   <div class='ocr_carea' id='block_1_4' title="bbox 212 1624 1467 2924">
    <p class='ocr_par' dir='ltr' id='par_1_4' title="bbox 212 1624 1467 2924">
     <span class='ocr_line' id='line_1_14' title="bbox 213 1624 1467 1695; baseline 0.001 -16"><span class='ocrx_word' id='word_1_113' title='bbox 213 1641 272 1680; x_wconf 85' lang='lat' dir='ltr'><strong>nem</strong></span> <span class='ocrx_word' id='word_1_114' title='bbox 298 1626 473 1695; x_wconf 75' lang='lat' dir='ltr'><strong>dissipabant,</strong></span> <span class='ocrx_word' id='word_1_115' title='bbox 502 1629 544 1694; x_wconf 91' lang='lat' dir='ltr'><strong>qui</strong></span> <span class='ocrx_word' id='word_1_116' title='bbox 567 1629 632 1679; x_wconf 91' lang='lat' dir='ltr'><strong>ritus</strong></span> <span class='ocrx_word' id='word_1_117' title='bbox 661 1624 773 1678; x_wconf 76' lang='lat' dir='ltr'><strong>Messian</strong></span> <span class='ocrx_word' id='word_1_118' title='bbox 797 1625 882 1677; x_wconf 88' lang='lat' dir='ltr'><strong>verbis</strong></span> <span class='ocrx_word' id='word_1_119' title='bbox 909 1627 941 1676; x_wconf 87' lang='lat' dir='ltr'><strong>ad</strong></span> <span class='ocrx_word' id='word_1_120' title='bbox 968 1627 1111 1693; x_wconf 80' lang='lat' dir='ltr'><strong>antitypum</strong></span> <span class='ocrx_word' id='word_1_121' title='bbox 1138 1627 1283 1694; x_wconf 79' lang='lat' dir='ltr'><strong>applicatus</strong></span> <span class='ocrx_word' id='word_1_122' title='bbox 1312 1628 1437 1682; x_wconf 84' lang='lat' dir='ltr'><strong>videtur.</strong></span> <span class='ocrx_word' id='word_1_123' title='bbox 1466 1661 1467 1666; x_wconf 61' lang='lat'><em>=</em></span> 
     </span>
     <span class='ocr_line' id='line_1_15' title="bbox 212 1693 1442 1764; baseline 0.001 -16"><span class='ocrx_word' id='word_1_124' title='bbox 212 1695 303 1748; x_wconf 81' lang='lat' dir='ltr'><strong>Nonne</strong></span> <span class='ocrx_word' id='word_1_125' title='bbox 323 1702 408 1746; x_wconf 88' lang='lat' dir='ltr'><strong>autem</strong></span> <span class='ocrx_word' id='word_1_126' title='bbox 426 1694 603 1747; x_wconf 86' lang='lat' dir='ltr'><strong>lohannes</strong></span> <span class='ocrx_word' id='word_1_127' title='bbox 625 1703 724 1764; x_wconf 87' lang='lat' dir='ltr'><strong>tempus</strong></span> <span class='ocrx_word' id='word_1_128' title='bbox 744 1702 771 1746; x_wconf 88' lang='lat' dir='ltr'><strong>et</strong></span> <span class='ocrx_word' id='word_1_129' title='bbox 788 1695 854 1746; x_wconf 86' lang='lat' dir='ltr'><strong>diem</strong></span> <span class='ocrx_word' id='word_1_130' title='bbox 874 1695 986 1745; x_wconf 87' lang='lat' dir='ltr'><strong>natalem</strong></span> <span class='ocrx_word' id='word_1_131' title='bbox 1005 1693 1120 1758; x_wconf 82' lang='lat' dir='ltr'><strong>Christi,</strong></span> <span class='ocrx_word' id='word_1_132' title='bbox 1152 1710 1226 1762; x_wconf 88' lang='lat' dir='ltr'><strong>quem</strong></span> <span class='ocrx_word' id='word_1_133' title='bbox 1254 1697 1348 1763; x_wconf 79' lang='lat' dir='ltr'><strong>reliqui</strong></span> <span class='ocrx_word' id='word_1_134' title='bbox 1376 1705 1442 1749; x_wconf 86' lang='lat' dir='ltr'><strong>tres</strong></span> 
     </span>
     <span class='ocr_line' id='line_1_16' title="bbox 214 1757 1439 1839; baseline 0.001 -24"><span class='ocrx_word' id='word_1_135' title='bbox 214 1764 271 1830; x_wconf 72' lang='lat' dir='ltr'><strong>ains</strong></span> <span class='ocrx_word' id='word_1_136' title='bbox 290 1763 361 1814; x_wconf 86' lang='lat' dir='ltr'><strong>vitae</strong></span> <span class='ocrx_word' id='word_1_137' title='bbox 380 1765 519 1830; x_wconf 80' lang='lat' dir='ltr'><strong>scriptores</strong></span> <span class='ocrx_word' id='word_1_138' title='bbox 538 1772 713 1831; x_wconf 86' lang='lat' dir='ltr'><strong>praetereunt,</strong></span> <span class='ocrx_word' id='word_1_139' title='bbox 733 1765 784 1814; x_wconf 90' lang='lat' dir='ltr'><strong>isto</strong></span> <span class='ocrx_word' id='word_1_140' title='bbox 802 1763 878 1814; x_wconf 90' lang='lat' dir='ltr'><strong>unioo</strong></span> <span class='ocrx_word' id='word_1_141' title='bbox 895 1763 1061 1839; x_wconf 33' lang='lat' dir='ltr'><strong>verboasntis</strong></span> <span class='ocrx_word' id='word_1_142' title='bbox 1080 1763 1194 1814; x_wconf 81' lang='lat' dir='ltr'><strong>indicat:</strong></span> <span class='ocrx_word' id='word_1_143' title='bbox 1219 1758 1234 1814; x_wconf 83' lang='grc' dir='ltr'>ὁ</span> <span class='ocrx_word' id='word_1_144' title='bbox 1254 1757 1338 1830; x_wconf 76' lang='grc' dir='ltr'><strong><em>λόγος</em></strong></span> <span class='ocrx_word' id='word_1_145' title='bbox 1353 1761 1439 1832; x_wconf 53' lang='lat' dir='ltr'><strong>danseri·</strong></span> 
     </span>
     <span class='ocr_line' id='line_1_17' title="bbox 213 1825 1443 1898; baseline 0.003 -16"><span class='ocrx_word' id='word_1_146' title='bbox 213 1843 304 1884; x_wconf 81' lang='grc' dir='ltr'>νωσιν</span> <span class='ocrx_word' id='word_1_147' title='bbox 322 1829 354 1882; x_wconf 76' lang='grc' dir='ltr'><strong>ἔν</strong></span> <span class='ocrx_word' id='word_1_148' title='bbox 379 1825 457 1894; x_wconf 84' lang='grc' dir='ltr'><strong><em>ἡμῖν.</em></strong></span> <span class='ocrx_word' id='word_1_149' title='bbox 494 1831 550 1897; x_wconf 72' lang='lat' dir='ltr'><strong>Quo</strong></span> <span class='ocrx_word' id='word_1_150' title='bbox 571 1833 671 1898; x_wconf 87' lang='lat' dir='ltr'><strong>quidem</strong></span> <span class='ocrx_word' id='word_1_151' title='bbox 698 1831 783 1882; x_wconf 87' lang='lat' dir='ltr'><strong>verho¹</strong></span> <span class='ocrx_word' id='word_1_152' title='bbox 797 1832 971 1894; x_wconf 80' lang='lat' dir='ltr'><strong>domonstrat,</strong></span> <span class='ocrx_word' id='word_1_153' title='bbox 1001 1832 1169 1882; x_wconf 88' lang='lat' dir='ltr'><strong>tentoriorum</strong></span> <span class='ocrx_word' id='word_1_154' title='bbox 1195 1827 1363 1884; x_wconf 74' lang='lat' dir='ltr'><strong>Iudaicorum</strong></span> <span class='ocrx_word' id='word_1_155' title='bbox 1385 1851 1443 1886; x_wconf 87' lang='lat' dir='ltr'><strong>an-</strong></span> 
     </span>
     <span class='ocr_line' id='line_1_18' title="bbox 212 1899 1444 1972; baseline 0.005 -21"><span class='ocrx_word' id='word_1_156' title='bbox 212 1901 323 1970; x_wconf 77' lang='lat' dir='ltr'><strong>titypum</strong></span> <span class='ocrx_word' id='word_1_157' title='bbox 344 1901 370 1950; x_wconf 92' lang='lat' dir='ltr'><strong>in</strong></span> <span class='ocrx_word' id='word_1_158' title='bbox 387 1899 450 1950; x_wconf 85' lang='lat' dir='ltr'><strong>lesu</strong></span> <span class='ocrx_word' id='word_1_159' title='bbox 470 1901 643 1966; x_wconf 86' lang='lat' dir='ltr'><strong>quaerendum</strong></span> <span class='ocrx_word' id='word_1_160' title='bbox 662 1915 729 1964; x_wconf 86' lang='lat' dir='ltr'><strong>esse,</strong></span> <span class='ocrx_word' id='word_1_161' title='bbox 751 1901 777 1949; x_wconf 90' lang='lat' dir='ltr'><strong>in</strong></span> <span class='ocrx_word' id='word_1_162' title='bbox 797 1915 847 1965; x_wconf 92' lang='lat' dir='ltr'><strong>quo</strong></span> <span class='ocrx_word' id='word_1_163' title='bbox 869 1899 999 1950; x_wconf 89' lang='lat' dir='ltr'><strong>habitarat</strong></span> <span class='ocrx_word' id='word_1_164' title='bbox 1015 1901 1152 1965; x_wconf 81' lang='lat' dir='ltr'><strong>plenitudo</strong></span> <span class='ocrx_word' id='word_1_165' title='bbox 1168 1902 1318 1953; x_wconf 72' lang='lat' dir='ltr'><strong>diuinitatis</strong></span> <span class='ocrx_word' id='word_1_166' title='bbox 1338 1921 1444 1972; x_wconf 81' lang='lat' dir='ltr'><strong>corpo-</strong></span> 
     </span>
     <span class='ocr_line' id='line_1_19' title="bbox 212 1967 1445 2035; baseline 0.001 -13"><span class='ocrx_word' id='word_1_167' title='bbox 212 1967 427 2022; x_wconf 67' lang='lat' dir='ltr'><strong>maureceni.</strong></span> <span class='ocrx_word' id='word_1_168' title='bbox 448 1972 474 2020; x_wconf 76' lang='lat'><strong>2.</strong></span> <span class='ocrx_word' id='word_1_169' title='bbox 494 1969 808 2034; x_wconf 88' lang='lat' dir='ltr'><strong>etquiipsetsbernao.</strong></span> <span class='ocrx_word' id='word_1_170' title='bbox 836 1967 904 2018; x_wconf 88' lang='lat' dir='ltr'><strong>lesto</strong></span> <span class='ocrx_word' id='word_1_171' title='bbox 928 1968 954 2018; x_wconf 90' lang='lat' dir='ltr'><strong>ia</strong></span> <span class='ocrx_word' id='word_1_172' title='bbox 973 1981 1051 2018; x_wconf 83' lang='lat' dir='ltr'><strong>earne</strong></span> <span class='ocrx_word' id='word_1_173' title='bbox 1073 1981 1200 2034; x_wconf 85' lang='lat' dir='ltr'><strong>apparens</strong></span> <span class='ocrx_word' id='word_1_174' title='bbox 1230 1971 1351 2020; x_wconf 80' lang='lat' dir='ltr'><strong>maximis</strong></span> <span class='ocrx_word' id='word_1_175' title='bbox 1371 1987 1445 2035; x_wconf 78' lang='lat' dir='ltr'><strong>gen·-</strong></span> 
     </span>
     <span class='ocr_line' id='line_1_20' title="bbox 213 2035 1447 2106; baseline 0.002 -20"><span class='ocrx_word' id='word_1_176' title='bbox 213 2036 278 2086; x_wconf 85' lang='lat' dir='ltr'><strong>tinm</strong></span> <span class='ocrx_word' id='word_1_177' title='bbox 296 2035 441 2102; x_wconf 86' lang='lat' dir='ltr'><strong>plausibus,</strong></span> <span class='ocrx_word' id='word_1_178' title='bbox 461 2037 597 2088; x_wconf 85' lang='lat' dir='ltr'><strong>ooossione</strong></span> <span class='ocrx_word' id='word_1_179' title='bbox 616 2036 676 2087; x_wconf 86' lang='lat' dir='ltr'><strong>lesii</strong></span> <span class='ocrx_word' id='word_1_180' title='bbox 694 2036 841 2100; x_wconf 79' lang='lat' dir='ltr'><strong>laetissimi,</strong></span> <span class='ocrx_word' id='word_1_181' title='bbox 859 2043 982 2101; x_wconf 79' lang='lat' dir='ltr'><strong>ennepius</strong></span> <span class='ocrx_word' id='word_1_182' title='bbox 1001 2041 1081 2086; x_wconf 86' lang='lat' dir='ltr'><strong>esset.</strong></span> <span class='ocrx_word' id='word_1_183' title='bbox 1118 2035 1270 2088; x_wconf 86' lang='lat' dir='ltr'><strong>lnaotuerat</strong></span> <span class='ocrx_word' id='word_1_184' title='bbox 1287 2037 1356 2089; x_wconf 86' lang='lat' dir='ltr'><strong>enim</strong></span> <span class='ocrx_word' id='word_1_185' title='bbox 1376 2057 1447 2106; x_wconf 84' lang='lat' dir='ltr'><strong>pro-</strong></span> 
     </span>
     <span class='ocr_line' id='line_1_21' title="bbox 213 2101 1445 2188; baseline 0.003 -32"><span class='ocrx_word' id='word_1_186' title='bbox 213 2103 308 2156; x_wconf 79' lang='lat' dir='ltr'><strong>missus</strong></span> <span class='ocrx_word' id='word_1_187' title='bbox 327 2101 437 2154; x_wconf 84' lang='lat' dir='ltr'><strong>llessias</strong></span> <span class='ocrx_word' id='word_1_188' title='bbox 456 2105 505 2170; x_wconf 89' lang='lat' dir='ltr'><strong>piis</strong></span> <span class='ocrx_word' id='word_1_189' title='bbox 523 2103 554 2156; x_wconf 92' lang='lat' dir='ltr'><strong>V.</strong></span> <span class='ocrx_word' id='word_1_190' title='bbox 566 2103 598 2156; x_wconf 78' lang='grc' dir='ltr'><strong>Τ.</strong></span> <span class='ocrx_word' id='word_1_191' title='bbox 610 2105 658 2154; x_wconf 89' lang='lat' dir='ltr'><strong>sub</strong></span> <span class='ocrx_word' id='word_1_192' title='bbox 677 2104 751 2154; x_wconf 87' lang='lat' dir='ltr'><strong>titulo</strong></span> <span class='ocrx_word' id='word_1_193' title='bbox 770 2103 941 2167; x_wconf 78' lang='lat' dir='ltr'><strong>tabernaculi,</strong></span> <span class='ocrx_word' id='word_1_194' title='bbox 961 2105 1172 2170; x_wconf 86' lang='lat' dir='ltr'><strong>quemadmodum</strong></span> <span class='ocrx_word' id='word_1_195' title='bbox 1190 2104 1231 2155; x_wconf 85' lang='lat' dir='ltr'><strong>l’e</strong></span> <span class='ocrx_word' id='word_1_196' title='bbox 1242 2113 1316 2186; x_wconf 68' lang='lat' dir='ltr'><strong>trus</strong></span> <span class='ocrx_word' id='word_1_197' title='bbox 1335 2108 1394 2188; x_wconf 75' lang='lat' dir='ltr'><strong>All</strong></span> <span class='ocrx_word' id='word_1_198' title='bbox 1406 2111 1445 2161; x_wconf 81' lang='lat' dir='ltr'><strong>ix</strong></span> 
     </span>
     <span class='ocr_line' id='line_1_22' title="bbox 214 2171 1447 2246; baseline 0.006 -25"><span class='ocrx_word' id='word_1_199' title='bbox 214 2186 230 2221; x_wconf 87' lang='lat' dir='ltr'><strong>s</strong></span> <span class='ocrx_word' id='word_1_200' title='bbox 250 2171 391 2222; x_wconf 81' lang='lat' dir='ltr'><strong>rsoonditls</strong></span> <span class='ocrx_word' id='word_1_201' title='bbox 408 2173 552 2240; x_wconf 87' lang='lat' dir='ltr'><strong>sapientiae</strong></span> <span class='ocrx_word' id='word_1_202' title='bbox 576 2173 698 2239; x_wconf 87' lang='lat' dir='ltr'><strong>judaieae</strong></span> <span class='ocrx_word' id='word_1_203' title='bbox 717 2173 846 2225; x_wconf 82' lang='lat' dir='ltr'><strong>thesauris</strong></span> <span class='ocrx_word' id='word_1_204' title='bbox 864 2179 954 2222; x_wconf 82' lang='lat' dir='ltr'><strong>contra</strong></span> <span class='ocrx_word' id='word_1_205' title='bbox 973 2172 1124 2223; x_wconf 82' lang='lat' dir='ltr'><strong>Sooinianos</strong></span> <span class='ocrx_word' id='word_1_206' title='bbox 1142 2174 1265 2246; x_wconf 83' lang='lat' dir='ltr'><strong>ostendit,</strong></span> <span class='ocrx_word' id='word_1_207' title='bbox 1278 2188 1327 2224; x_wconf 81' lang='grc' dir='ltr'><strong>τον</strong></span> <span class='ocrx_word' id='word_1_208' title='bbox 1345 2176 1447 2240; x_wconf 81' lang='grc' dir='ltr'><em>λογον</em></span> 
     </span>
     <span class='ocr_line' id='line_1_23' title="bbox 213 2232 1445 2308; baseline 0.006 -20"><span class='ocrx_word' id='word_1_209' title='bbox 213 2232 403 2290; x_wconf 74' lang='grc' dir='ltr'><strong>ὑποστατικόν</strong></span> <span class='ocrx_word' id='word_1_210' title='bbox 426 2240 589 2292; x_wconf 79' lang='lat' dir='ltr'><strong>tabernaculi</strong></span> <span class='ocrx_word' id='word_1_211' title='bbox 618 2241 719 2291; x_wconf 86' lang='lat' dir='ltr'><strong>nomine</strong></span> <span class='ocrx_word' id='word_1_212' title='bbox 738 2241 763 2290; x_wconf 92' lang='lat' dir='ltr'><strong>ia</strong></span> <span class='ocrx_word' id='word_1_213' title='bbox 789 2239 821 2294; x_wconf 90' lang='lat' dir='ltr'><strong>V.</strong></span> <span class='ocrx_word' id='word_1_214' title='bbox 841 2238 872 2290; x_wconf 83' lang='grc' dir='ltr'><strong>Τ.</strong></span> <span class='ocrx_word' id='word_1_215' title='bbox 894 2239 973 2290; x_wconf 84' lang='lat' dir='ltr'><strong>luisse</strong></span> <span class='ocrx_word' id='word_1_216' title='bbox 992 2241 1150 2304; x_wconf 69' lang='lat' dir='ltr'><strong>insignitum.</strong></span> <span class='ocrx_word' id='word_1_217' title='bbox 1189 2241 1278 2308; x_wconf 85' lang='lat' dir='ltr'><strong>ltaque</strong></span> <span class='ocrx_word' id='word_1_218' title='bbox 1298 2243 1355 2294; x_wconf 83' lang='lat' dir='ltr'><strong>volt</strong></span> <span class='ocrx_word' id='word_1_219' title='bbox 1372 2243 1390 2294; x_wconf 87' lang='lat' dir='ltr'>J</span> <span class='ocrx_word' id='word_1_220' title='bbox 1403 2264 1445 2296; x_wconf 86' lang='lat' dir='ltr'><strong>o-</strong></span> 
     </span>
     <span class='ocr_line' id='line_1_24' title="bbox 214 2307 1444 2382; baseline 0.007 -25"><span class='ocrx_word' id='word_1_221' title='bbox 214 2307 363 2361; x_wconf 83' lang='lat' dir='ltr'><strong>hannes:</strong></span> <span class='ocrx_word' id='word_1_222' title='bbox 396 2309 486 2360; x_wconf 88' lang='lat' dir='ltr'><strong>eadem</strong></span> <span class='ocrx_word' id='word_1_223' title='bbox 512 2310 636 2360; x_wconf 88' lang='lat' dir='ltr'><strong>trinitatis</strong></span> <span class='ocrx_word' id='word_1_224' title='bbox 656 2323 785 2375; x_wconf 83' lang='lat' dir='ltr'><strong>persona,</strong></span> <span class='ocrx_word' id='word_1_225' title='bbox 819 2323 885 2374; x_wconf 86' lang='lat' dir='ltr'><strong>quae</strong></span> <span class='ocrx_word' id='word_1_226' title='bbox 910 2309 1063 2375; x_wconf 82' lang='lat' dir='ltr'><strong>scriptoram</strong></span> <span class='ocrx_word' id='word_1_227' title='bbox 1087 2311 1249 2376; x_wconf 84' lang='lat' dir='ltr'><strong>popularium</strong></span> <span class='ocrx_word' id='word_1_228' title='bbox 1271 2312 1444 2382; x_wconf 87' lang='lat' dir='ltr'><strong>testimonio,</strong></span> 
     </span>
     <span class='ocr_line' id='line_1_25' title="bbox 214 2372 1443 2446; baseline 0.009 -22"><span class='ocrx_word' id='word_1_229' title='bbox 214 2372 295 2426; x_wconf 85' lang='lat' dir='ltr'><strong>Verbi</strong></span> <span class='ocrx_word' id='word_1_230' title='bbox 323 2377 424 2428; x_wconf 86' lang='lat' dir='ltr'><strong>nomine</strong></span> <span class='ocrx_word' id='word_1_231' title='bbox 443 2377 560 2443; x_wconf 79' lang='lat' dir='ltr'><strong>patribus</strong></span> <span class='ocrx_word' id='word_1_232' title='bbox 588 2384 666 2439; x_wconf 88' lang='lat' dir='ltr'><strong>nota,</strong></span> <span class='ocrx_word' id='word_1_233' title='bbox 688 2377 720 2428; x_wconf 89' lang='lat' dir='ltr'><strong>ab</strong></span> <span class='ocrx_word' id='word_1_234' title='bbox 743 2376 889 2428; x_wconf 78' lang='lat' dir='ltr'><strong>Abrohumo</strong></span> <span class='ocrx_word' id='word_1_235' title='bbox 915 2377 988 2442; x_wconf 85' lang='lat' dir='ltr'><strong>viss,</strong></span> <span class='ocrx_word' id='word_1_236' title='bbox 1014 2393 1072 2428; x_wconf 88' lang='lat' dir='ltr'><strong>eom</strong></span> <span class='ocrx_word' id='word_1_237' title='bbox 1091 2377 1188 2428; x_wconf 83' lang='lat' dir='ltr'><strong>laoobo</strong></span> <span class='ocrx_word' id='word_1_238' title='bbox 1215 2380 1379 2446; x_wconf 77' lang='lat' dir='ltr'><strong>conflictata,</strong></span> <span class='ocrx_word' id='word_1_239' title='bbox 1405 2385 1443 2435; x_wconf 82' lang='lat' dir='ltr'><strong>ab</strong></span> 
     </span>
     <span class='ocr_line' id='line_1_26' title="bbox 215 2441 1442 2512; baseline 0.007 -18"><span class='ocrx_word' id='word_1_240' title='bbox 215 2441 343 2496; x_wconf 80' lang='lat' dir='ltr'><strong>lsraelitis</strong></span> <span class='ocrx_word' id='word_1_241' title='bbox 362 2445 471 2496; x_wconf 86' lang='lat' dir='ltr'><strong>adorata</strong></span> <span class='ocrx_word' id='word_1_242' title='bbox 490 2445 549 2507; x_wconf 88' lang='lat' dir='ltr'><strong>luit,</strong></span> <span class='ocrx_word' id='word_1_243' title='bbox 568 2461 635 2512; x_wconf 82' lang='lat' dir='ltr'><strong>qaae</strong></span> <span class='ocrx_word' id='word_1_244' title='bbox 654 2447 700 2496; x_wconf 89' lang='lat' dir='ltr'><strong>hos</strong></span> <span class='ocrx_word' id='word_1_245' title='bbox 718 2445 821 2496; x_wconf 85' lang='lat' dir='ltr'><strong>eosdem</strong></span> <span class='ocrx_word' id='word_1_246' title='bbox 845 2461 878 2495; x_wconf 81' lang='lat' dir='ltr'><strong>ox</strong></span> <span class='ocrx_word' id='word_1_247' title='bbox 900 2446 1026 2496; x_wconf 77' lang='lat' dir='ltr'><strong>servitute</strong></span> <span class='ocrx_word' id='word_1_248' title='bbox 1043 2446 1204 2512; x_wconf 64' lang='lat' dir='ltr'><strong>Aegyptiace</strong></span> <span class='ocrx_word' id='word_1_249' title='bbox 1230 2448 1255 2496; x_wconf 92' lang='lat' dir='ltr'><strong>in</strong></span> <span class='ocrx_word' id='word_1_250' title='bbox 1281 2448 1442 2504; x_wconf 83' lang='lat' dir='ltr'><strong>libertatern</strong></span> 
     </span>
     <span class='ocr_line' id='line_1_27' title="bbox 213 2511 1444 2579; baseline 0.01 -19"><span class='ocrx_word' id='word_1_251' title='bbox 213 2511 359 2564; x_wconf 74' lang='lat' dir='ltr'><strong>vindicavit</strong></span> <span class='ocrx_word' id='word_1_252' title='bbox 378 2520 405 2563; x_wconf 91' lang='lat' dir='ltr'><strong>et</strong></span> <span class='ocrx_word' id='word_1_253' title='bbox 420 2515 448 2564; x_wconf 92' lang='lat' dir='ltr'><strong>in</strong></span> <span class='ocrx_word' id='word_1_254' title='bbox 467 2513 580 2564; x_wconf 77' lang='lat' dir='ltr'><strong>Arabiae</strong></span> <span class='ocrx_word' id='word_1_255' title='bbox 598 2514 718 2576; x_wconf 88' lang='lat' dir='ltr'><strong>desertis,</strong></span> <span class='ocrx_word' id='word_1_256' title='bbox 737 2513 790 2576; x_wconf 83' lang='lat' dir='ltr'><strong>jana</strong></span> <span class='ocrx_word' id='word_1_257' title='bbox 805 2513 885 2564; x_wconf 87' lang='lat' dir='ltr'><strong>nubes</strong></span> <span class='ocrx_word' id='word_1_258' title='bbox 899 2513 954 2577; x_wconf 83' lang='lat' dir='ltr'><strong>jam</strong></span> <span class='ocrx_word' id='word_1_259' title='bbox 973 2515 1073 2564; x_wconf 84' lang='lat' dir='ltr'><strong>daroma</strong></span> <span class='ocrx_word' id='word_1_260' title='bbox 1092 2515 1175 2576; x_wconf 87' lang='lat' dir='ltr'><strong>duxit,</strong></span> <span class='ocrx_word' id='word_1_261' title='bbox 1193 2529 1259 2579; x_wconf 87' lang='lat' dir='ltr'><strong>quae</strong></span> <span class='ocrx_word' id='word_1_262' title='bbox 1277 2516 1347 2566; x_wconf 87' lang='lat' dir='ltr'><strong>iuter</strong></span> <span class='ocrx_word' id='word_1_263' title='bbox 1365 2517 1444 2572; x_wconf 86' lang='lat' dir='ltr'><strong>Che-</strong></span> 
     </span>
     <span class='ocr_line' id='line_1_28' title="bbox 214 2579 1441 2654; baseline 0.01 -26"><span class='ocrx_word' id='word_1_264' title='bbox 214 2579 299 2629; x_wconf 87' lang='lat' dir='ltr'><strong>rnbira</strong></span> <span class='ocrx_word' id='word_1_265' title='bbox 317 2581 414 2632; x_wconf 83' lang='lat' dir='ltr'><strong>resedit</strong></span> <span class='ocrx_word' id='word_1_266' title='bbox 431 2589 458 2630; x_wconf 89' lang='lat' dir='ltr'><strong>et</strong></span> <span class='ocrx_word' id='word_1_267' title='bbox 474 2597 540 2646; x_wconf 88' lang='lat' dir='ltr'><strong>quae</strong></span> <span class='ocrx_word' id='word_1_268' title='bbox 564 2589 685 2648; x_wconf 87' lang='lat' dir='ltr'><strong>tanquam</strong></span> <span class='ocrx_word' id='word_1_269' title='bbox 704 2581 898 2632; x_wconf 80' lang='lat' dir='ltr'><strong>tubernaonlurn</strong></span> <span class='ocrx_word' id='word_1_270' title='bbox 918 2582 1061 2631; x_wconf 78' lang='lat' dir='ltr'><strong>divinitatis</strong></span> <span class='ocrx_word' id='word_1_271' title='bbox 1085 2583 1111 2632; x_wconf 90' lang='lat' dir='ltr'><strong>io</strong></span> <span class='ocrx_word' id='word_1_272' title='bbox 1137 2583 1237 2632; x_wconf 87' lang='lat' dir='ltr'><strong>hornine</strong></span> <span class='ocrx_word' id='word_1_273' title='bbox 1263 2587 1441 2654; x_wconf 82' lang='lat' dir='ltr'><strong>stupendum,</strong></span> 
     </span>
     <span class='ocr_line' id='line_1_29' title="bbox 214 2646 1444 2722; baseline 0.011 -28"><span class='ocrx_word' id='word_1_274' title='bbox 214 2646 271 2713; x_wconf 89' lang='lat' dir='ltr'><strong>ipso</strong></span> <span class='ocrx_word' id='word_1_275' title='bbox 292 2647 427 2697; x_wconf 67' lang='lat' dir='ltr'><strong>marnae.</strong></span> <span class='ocrx_word' id='word_1_276' title='bbox 448 2647 514 2698; x_wconf 80' lang='lat' dir='ltr'><strong>festo</strong></span> <span class='ocrx_word' id='word_1_277' title='bbox 533 2649 727 2699; x_wconf 77' lang='lat' dir='ltr'><strong>tabernaculum</strong></span> <span class='ocrx_word' id='word_1_278' title='bbox 745 2663 819 2699; x_wconf 91' lang='lat' dir='ltr'><strong>snum</strong></span> <span class='ocrx_word' id='word_1_279' title='bbox 838 2651 864 2700; x_wconf 90' lang='lat' dir='ltr'><strong>in</strong></span> <span class='ocrx_word' id='word_1_280' title='bbox 882 2649 955 2700; x_wconf 85' lang='lat' dir='ltr'><strong>nobis</strong></span> <span class='ocrx_word' id='word_1_281' title='bbox 977 2651 1076 2716; x_wconf 88' lang='lat' dir='ltr'><strong>posuit,</strong></span> <span class='ocrx_word' id='word_1_282' title='bbox 1109 2657 1138 2700; x_wconf 90' lang='lat' dir='ltr'><strong>ut</strong></span> <span class='ocrx_word' id='word_1_283' title='bbox 1154 2652 1234 2716; x_wconf 79' lang='lat' dir='ltr'><strong>ipsius</strong></span> <span class='ocrx_word' id='word_1_284' title='bbox 1252 2651 1330 2702; x_wconf 87' lang='lat' dir='ltr'><strong>dueta</strong></span> <span class='ocrx_word' id='word_1_285' title='bbox 1351 2662 1444 2722; x_wconf 78' lang='lat' dir='ltr'><strong>atque</strong></span> 
     </span>
     <span class='ocr_line' id='line_1_30' title="bbox 216 2700 1467 2785; baseline 0.014 -26"><span class='ocrx_word' id='word_1_286' title='bbox 216 2711 313 2760; x_wconf 60' lang='lat' dir='ltr'><strong>anulio</strong></span> <span class='ocrx_word' id='word_1_287' title='bbox 335 2713 367 2762; x_wconf 92' lang='lat' dir='ltr'><strong>ad</strong></span> <span class='ocrx_word' id='word_1_288' title='bbox 387 2721 493 2764; x_wconf 83' lang='lat' dir='ltr'><strong>aeterna</strong></span> <span class='ocrx_word' id='word_1_289' title='bbox 511 2715 556 2765; x_wconf 87' lang='lat' dir='ltr'><strong>illa</strong></span> <span class='ocrx_word' id='word_1_290' title='bbox 574 2716 754 2778; x_wconf 77' lang='lat' dir='ltr'><strong>tabernacula,</strong></span> <span class='ocrx_word' id='word_1_291' title='bbox 773 2716 880 2766; x_wconf 83' lang='lat' dir='ltr'><strong>induitis</strong></span> <span class='ocrx_word' id='word_1_292' title='bbox 898 2717 999 2779; x_wconf 77' lang='lat' dir='ltr'><strong>gaudiis</strong></span> <span class='ocrx_word' id='word_1_293' title='bbox 1018 2733 1064 2768; x_wconf 88' lang='lat' dir='ltr'><strong>nos</strong></span> <span class='ocrx_word' id='word_1_294' title='bbox 1077 2700 1254 2785; x_wconf 73' lang='lat' dir='ltr'><strong>hompletura,</strong></span> <span class='ocrx_word' id='word_1_295' title='bbox 1277 2735 1354 2785; x_wconf 85' lang='lat' dir='ltr'><strong>quana</strong></span> <span class='ocrx_word' id='word_1_296' title='bbox 1374 2724 1447 2776; x_wconf 75' lang='lat' dir='ltr'><strong>ieli-</strong></span> <span class='ocrx_word' id='word_1_297' title='bbox 1466 2767 1467 2770; x_wconf 17' lang='grc' dir='ltr'>ι</span> 
     </span>
     <span class='ocr_line' id='line_1_31' title="bbox 216 2777 1445 2872; baseline 0.014 -44"><span class='ocrx_word' id='word_1_298' title='bbox 216 2777 473 2860; x_wconf 74' lang='lat' dir='ltr'><strong>nissimppenatrare</strong></span> <span class='ocrx_word' id='word_1_299' title='bbox 491 2783 626 2862; x_wconf 74' lang='lat' dir='ltr'><strong>possimos.</strong></span> <span class='ocrx_word' id='word_1_300' title='bbox 663 2781 747 2868; x_wconf 63' lang='lat' dir='ltr'><strong>lireio</strong></span> <span class='ocrx_word' id='word_1_301' title='bbox 765 2784 922 2864; x_wconf 42' lang='lat' dir='ltr'><strong>igitur,·non</strong></span> <span class='ocrx_word' id='word_1_302' title='bbox 938 2787 1008 2866; x_wconf 82' lang='lat' dir='ltr'><strong>quod</strong></span> <span class='ocrx_word' id='word_1_303' title='bbox 1026 2793 1097 2837; x_wconf 79' lang='lat' dir='ltr'><strong>certo</strong></span> <span class='ocrx_word' id='word_1_304' title='bbox 1116 2787 1278 2869; x_wconf 36' lang='lat' dir='ltr'><strong>soism,·sed</strong></span> <span class='ocrx_word' id='word_1_305' title='bbox 1297 2791 1372 2872; x_wconf 42' lang='lat' dir='ltr'><strong>quod·</strong></span> <span class='ocrx_word' id='word_1_306' title='bbox 1389 2809 1445 2845; x_wconf 89' lang='lat' dir='ltr'><strong>ra-</strong></span> 
     </span>
     <span class='ocr_line' id='line_1_32' title="bbox 215 2845 1443 2924; baseline 0.015 -29"><span class='ocrx_word' id='word_1_307' title='bbox 215 2845 365 2898; x_wconf 80' lang='lat' dir='ltr'><strong>aonatruaa</strong></span> <span class='ocrx_word' id='word_1_308' title='bbox 383 2847 486 2911; x_wconf 86' lang='lat' dir='ltr'><strong>errabo,</strong></span> <span class='ocrx_word' id='word_1_309' title='bbox 506 2863 624 2912; x_wconf 79' lang='lat' dir='ltr'><strong>suerro,</strong></span> <span class='ocrx_word' id='word_1_310' title='bbox 645 2850 712 2900; x_wconf 86' lang='lat' dir='ltr'><strong>daem</strong></span> <span class='ocrx_word' id='word_1_311' title='bbox 733 2852 773 2904; x_wconf 79' lang='lat' dir='ltr'><strong>lb.</strong></span> <span class='ocrx_word' id='word_1_312' title='bbox 798 2849 868 2902; x_wconf 84' lang='lat' dir='ltr'><strong>Trsrr</strong></span> <span class='ocrx_word' id='word_1_313' title='bbox 887 2853 962 2904; x_wconf 78' lang='lat' dir='ltr'><strong>hodie</strong></span> <span class='ocrx_word' id='word_1_314' title='bbox 978 2859 1006 2907; x_wconf 84' lang='lat'><strong>7.</strong></span> <span class='ocrx_word' id='word_1_315' title='bbox 1028 2855 1127 2906; x_wconf 83' lang='lat' dir='ltr'><strong>ootolnr.</strong></span> <span class='ocrx_word' id='word_1_316' title='bbox 1148 2863 1246 2920; x_wconf 87' lang='lat' dir='ltr'><strong>nostra,</strong></span> <span class='ocrx_word' id='word_1_317' title='bbox 1265 2871 1309 2922; x_wconf 89' lang='lat' dir='ltr'><strong>qur</strong></span> <span class='ocrx_word' id='word_1_318' title='bbox 1333 2872 1443 2924; x_wconf 80' lang='lat' dir='ltr'><strong>primns</strong></span> 
     </span>
    </p>
   </div>
   <div class='ocr_carea' id='block_1_5' title="bbox 127 2913 1444 2990">
    <p class='ocr_par' dir='ltr' id='par_1_5' title="bbox 127 2913 1444 2990">
     <span class='ocr_line' id='line_1_33' title="bbox 127 2913 1444 2990; baseline 0.015 -29"><span class='ocrx_word' id='word_1_319' title='bbox 127 2967 130 2972; x_wconf 56' lang='grc'><strong>,</strong></span> <span class='ocrx_word' id='word_1_320' title='bbox 216 2919 274 2964; x_wconf 85' lang='lat' dir='ltr'><strong>erat</strong></span> <span class='ocrx_word' id='word_1_321' title='bbox 292 2913 352 2966; x_wconf 86' lang='lat' dir='ltr'><strong>lasti</strong></span> <span class='ocrx_word' id='word_1_322' title='bbox 372 2915 595 2966; x_wconf 77' lang='lat' dir='ltr'><strong>tabernaculorum</strong></span> <span class='ocrx_word' id='word_1_323' title='bbox 604 2919 699 2982; x_wconf 87' lang='grc' dir='ltr'>(Νιιιιι.</span> <span class='ocrx_word' id='word_1_324' title='bbox 720 2918 764 2982; x_wconf 82' lang='grc'><strong>29,</strong></span> <span class='ocrx_word' id='word_1_325' title='bbox 784 2919 842 2987; x_wconf 78' lang='lat'><strong>12),</strong></span> <span class='ocrx_word' id='word_1_326' title='bbox 864 2935 922 2972; x_wconf 87' lang='lat' dir='ltr'><strong>esse</strong></span> <span class='ocrx_word' id='word_1_327' title='bbox 941 2923 1054 2974; x_wconf 88' lang='lat' dir='ltr'><strong>natalem</strong></span> <span class='ocrx_word' id='word_1_328' title='bbox 1071 2923 1095 2974; x_wconf 85' lang='lat' dir='ltr'><strong>J.</strong></span> <span class='ocrx_word' id='word_1_329' title='bbox 1116 2923 1146 2974; x_wconf 89' lang='lat' dir='ltr'><strong>C.</strong></span> <span class='ocrx_word' id='word_1_330' title='bbox 1166 2932 1221 2987; x_wconf 86' lang='lat' dir='ltr'><strong>aut,</strong></span> <span class='ocrx_word' id='word_1_331' title='bbox 1243 2939 1275 2975; x_wconf 87' lang='lat' dir='ltr'><strong>ne</strong></span> <span class='ocrx_word' id='word_1_332' title='bbox 1288 2924 1444 2990; x_wconf 78' lang='lat' dir='ltr'><strong>Quintade-</strong></span> 
     </span>
    </p>
   </div>
   <div class='ocr_carea' id='block_1_6' title="bbox 215 2980 1467 3462">
    <p class='ocr_par' dir='ltr' id='par_1_6' title="bbox 215 2980 1467 3462">
     <span class='ocr_line' id='line_1_34' title="bbox 216 2980 1444 3057; baseline 0.012 -25"><span class='ocrx_word' id='word_1_333' title='bbox 216 2980 332 3032; x_wconf 78' lang='lat' dir='ltr'><strong>nimanns</strong></span> <span class='ocrx_word' id='word_1_334' title='bbox 351 2983 451 3048; x_wconf 83' lang='lat' dir='ltr'><strong>videar,</strong></span> <span class='ocrx_word' id='word_1_335' title='bbox 471 2999 528 3034; x_wconf 86' lang='lat' dir='ltr'><strong>esse</strong></span> <span class='ocrx_word' id='word_1_336' title='bbox 548 2983 665 3035; x_wconf 88' lang='lat' dir='ltr'><strong>ultimum</strong></span> <span class='ocrx_word' id='word_1_337' title='bbox 686 2985 745 3036; x_wconf 87' lang='lat' dir='ltr'><strong>lesti</strong></span> <span class='ocrx_word' id='word_1_338' title='bbox 763 2987 841 3050; x_wconf 89' lang='lat' dir='ltr'><strong>diem,</strong></span> <span class='ocrx_word' id='word_1_339' title='bbox 863 2991 906 3055; x_wconf 89' lang='lat' dir='ltr'><strong>qni</strong></span> <span class='ocrx_word' id='word_1_340' title='bbox 926 3005 1006 3057; x_wconf 82' lang='lat' dir='ltr'><strong>aequo</strong></span> <span class='ocrx_word' id='word_1_341' title='bbox 1026 3007 1056 3042; x_wconf 82' lang='lat' dir='ltr'><strong>aa</strong></span> <span class='ocrx_word' id='word_1_342' title='bbox 1075 2993 1171 3057; x_wconf 84' lang='lat' dir='ltr'><strong>primns</strong></span> <span class='ocrx_word' id='word_1_343' title='bbox 1199 2993 1310 3044; x_wconf 82' lang='lat' dir='ltr'><strong>monime</strong></span> <span class='ocrx_word' id='word_1_344' title='bbox 1334 2997 1444 3050; x_wconf 78' lang='lat' dir='ltr'><strong>sollen-</strong></span> 
     </span>
     <span class='ocr_line' id='line_1_35' title="bbox 217 3049 1467 3126; baseline 0.017 -27"><span class='ocrx_word' id='word_1_345' title='bbox 217 3049 257 3100; x_wconf 85' lang='lat' dir='ltr'><strong>nia</strong></span> <span class='ocrx_word' id='word_1_346' title='bbox 278 3057 344 3102; x_wconf 89' lang='lat' dir='ltr'><strong>erat.</strong></span> <span class='ocrx_word' id='word_1_347' title='bbox 363 3050 448 3101; x_wconf 82' lang='lat' dir='ltr'><strong>Primo</strong></span> <span class='ocrx_word' id='word_1_348' title='bbox 466 3052 545 3114; x_wconf 75' lang='lat' dir='ltr'><strong>igitur</strong></span> <span class='ocrx_word' id='word_1_349' title='bbox 563 3052 675 3104; x_wconf 87' lang='lat' dir='ltr'><strong>ineuntis</strong></span> <span class='ocrx_word' id='word_1_350' title='bbox 694 3055 753 3104; x_wconf 88' lang='lat' dir='ltr'><strong>unni</strong></span> <span class='ocrx_word' id='word_1_351' title='bbox 772 3055 856 3107; x_wconf 82' lang='lat' dir='ltr'><strong>civilis</strong></span> <span class='ocrx_word' id='word_1_352' title='bbox 873 3072 970 3122; x_wconf 84' lang='lat' dir='ltr'><strong>mense,</strong></span> <span class='ocrx_word' id='word_1_353' title='bbox 989 3075 1038 3126; x_wconf 89' lang='lat' dir='ltr'><strong>qno</strong></span> <span class='ocrx_word' id='word_1_354' title='bbox 1053 3065 1156 3110; x_wconf 82' lang='lat' dir='ltr'><strong>veteres</strong></span> <span class='ocrx_word' id='word_1_355' title='bbox 1174 3062 1296 3122; x_wconf 83' lang='lat' dir='ltr'><strong>mundam</strong></span> <span class='ocrx_word' id='word_1_356' title='bbox 1314 3072 1443 3120; x_wconf 81' lang='lat' dir='ltr'><strong>ornatum</strong></span> <span class='ocrx_word' id='word_1_357' title='bbox 1466 3083 1467 3088; x_wconf 53' lang='lat'>¹</span> 
     </span>
     <span class='ocr_line' id='line_1_36' title="bbox 216 3118 1467 3192; baseline 0.014 -28"><span class='ocrx_word' id='word_1_358' title='bbox 216 3123 244 3164; x_wconf 85' lang='lat' dir='ltr'><strong>et</strong></span> <span class='ocrx_word' id='word_1_359' title='bbox 261 3118 390 3167; x_wconf 71' lang='lat' dir='ltr'><strong>maditurn</strong></span> <span class='ocrx_word' id='word_1_360' title='bbox 411 3119 586 3183; x_wconf 83' lang='lat' dir='ltr'><strong>erediderunt,</strong></span> <span class='ocrx_word' id='word_1_361' title='bbox 606 3137 651 3172; x_wconf 78' lang='lat' dir='ltr'><strong>rer</strong></span> <span class='ocrx_word' id='word_1_362' title='bbox 673 3123 801 3190; x_wconf 89' lang='lat' dir='ltr'><strong>apparuit,</strong></span> <span class='ocrx_word' id='word_1_363' title='bbox 821 3125 863 3190; x_wconf 93' lang='lat' dir='ltr'><strong>qui</strong></span> <span class='ocrx_word' id='word_1_364' title='bbox 883 3126 1006 3192; x_wconf 81' lang='lat' dir='ltr'><strong>epoe&#39;hanr</strong></span> <span class='ocrx_word' id='word_1_365' title='bbox 1030 3134 1152 3179; x_wconf 83' lang='lat' dir='ltr'><strong>aeternae</strong></span> <span class='ocrx_word' id='word_1_366' title='bbox 1172 3129 1265 3180; x_wconf 86' lang='lat' dir='ltr'><strong>salutis</strong></span> <span class='ocrx_word' id='word_1_367' title='bbox 1282 3131 1442 3188; x_wconf 85' lang='lat' dir='ltr'><strong>inobonret.</strong></span> <span class='ocrx_word' id='word_1_368' title='bbox 1466 3179 1467 3182; x_wconf 76' lang='grc'>,</span> 
     </span>
     <span class='ocr_line' id='line_1_37' title="bbox 215 3179 1444 3260; baseline 0.021 -30"><span class='ocrx_word' id='word_1_369' title='bbox 215 3179 249 3230; x_wconf 91' lang='lat' dir='ltr'><strong>V.</strong></span> <span class='ocrx_word' id='word_1_370' title='bbox 268 3181 472 3245; x_wconf 71' lang='lat' dir='ltr'><strong>Liglatlooti</strong></span> <span class='ocrx_word' id='word_1_371' title='bbox 491 3186 509 3235; x_wconf 90' lang='lat' dir='ltr'><strong>l.</strong></span> <span class='ocrx_word' id='word_1_372' title='bbox 531 3202 555 3237; x_wconf 86' lang='lat' dir='ltr'><strong>e.</strong></span> <span class='ocrx_word' id='word_1_373' title='bbox 575 3191 739 3255; x_wconf 84' lang='lat' dir='ltr'><strong>senteutiam,</strong></span> <span class='ocrx_word' id='word_1_374' title='bbox 758 3193 784 3242; x_wconf 92' lang='lat' dir='ltr'><strong>in</strong></span> <span class='ocrx_word' id='word_1_375' title='bbox 804 3207 870 3260; x_wconf 87' lang='lat' dir='ltr'><strong>qua,</strong></span> <span class='ocrx_word' id='word_1_376' title='bbox 896 3195 958 3246; x_wconf 87' lang='lat' dir='ltr'><strong>lieet</strong></span> <span class='ocrx_word' id='word_1_377' title='bbox 974 3194 1056 3245; x_wconf 84' lang='lat' dir='ltr'><strong>multa</strong></span> <span class='ocrx_word' id='word_1_378' title='bbox 1080 3204 1181 3260; x_wconf 86' lang='lat' dir='ltr'><strong>sumat,</strong></span> <span class='ocrx_word' id='word_1_379' title='bbox 1213 3198 1317 3249; x_wconf 80' lang='lat' dir='ltr'><strong>iunixus</strong></span> <span class='ocrx_word' id='word_1_380' title='bbox 1342 3200 1444 3257; x_wconf 81' lang='lat' dir='ltr'><strong>fallaci</strong></span> 
     </span>
     <span class='ocr_line' id='line_1_38' title="bbox 215 3248 1446 3324; baseline 0.022 -27"><span class='ocrx_word' id='word_1_381' title='bbox 215 3248 351 3300; x_wconf 86' lang='lat' dir='ltr'><strong>traditioni</strong></span> <span class='ocrx_word' id='word_1_382' title='bbox 368 3249 534 3319; x_wconf 82' lang='lat' dir='ltr'><strong>ludaeorum,</strong></span> <span class='ocrx_word' id='word_1_383' title='bbox 553 3257 678 3322; x_wconf 79' lang='lat' dir='ltr'><strong>quaedam</strong></span> <span class='ocrx_word' id='word_1_384' title='bbox 696 3266 782 3312; x_wconf 83' lang='lat' dir='ltr'><strong>tamon</strong></span> <span class='ocrx_word' id='word_1_385' title='bbox 802 3263 891 3314; x_wconf 87' lang='lat' dir='ltr'><strong>insunt</strong></span> <span class='ocrx_word' id='word_1_386' title='bbox 916 3262 948 3314; x_wconf 87' lang='lat' dir='ltr'><strong>ad</strong></span> <span class='ocrx_word' id='word_1_387' title='bbox 967 3265 1121 3317; x_wconf 82' lang='lat' dir='ltr'><strong>sententiam</strong></span> <span class='ocrx_word' id='word_1_388' title='bbox 1144 3272 1258 3322; x_wconf 86' lang='lat' dir='ltr'><strong>nostram</strong></span> <span class='ocrx_word' id='word_1_389' title='bbox 1278 3267 1446 3324; x_wconf 79' lang='lat' dir='ltr'><strong>confirman-</strong></span> 
     </span>
     <span class='ocr_line' id='line_1_39' title="bbox 216 3315 1443 3404; baseline 0.024 -39"><span class='ocrx_word' id='word_1_390' title='bbox 216 3315 275 3366; x_wconf 85' lang='lat' dir='ltr'><strong>dam</strong></span> <span class='ocrx_word' id='word_1_391' title='bbox 287 3316 390 3369; x_wconf 83' lang='lat' dir='ltr'><strong>idonea.</strong></span> <span class='ocrx_word' id='word_1_392' title='bbox 425 3317 515 3388; x_wconf 84' lang='lat' dir='ltr'><strong>Neque</strong></span> <span class='ocrx_word' id='word_1_393' title='bbox 533 3325 600 3376; x_wconf 85' lang='lat' dir='ltr'><strong>eninr</strong></span> <span class='ocrx_word' id='word_1_394' title='bbox 615 3325 714 3389; x_wconf 84' lang='lat' dir='ltr'><strong>jndioio</strong></span> <span class='ocrx_word' id='word_1_395' title='bbox 733 3328 781 3378; x_wconf 85' lang='lat' dir='ltr'><strong>hac</strong></span> <span class='ocrx_word' id='word_1_396' title='bbox 800 3330 825 3382; x_wconf 90' lang='lat' dir='ltr'><strong>in</strong></span> <span class='ocrx_word' id='word_1_397' title='bbox 844 3345 873 3382; x_wconf 79' lang='lat' dir='ltr'><strong>re</strong></span> <span class='ocrx_word' id='word_1_398' title='bbox 891 3332 1028 3398; x_wconf 85' lang='lat' dir='ltr'><strong>aequiesoo</strong></span> <span class='ocrx_word' id='word_1_399' title='bbox 1048 3331 1317 3400; x_wconf 69' lang='lat' dir='ltr'><strong>baumgartenii</strong></span> <span class='ocrx_word' id='word_1_400' title='bbox 1342 3353 1443 3404; x_wconf 75' lang='lat' dir='ltr'><strong>progr.</strong></span> 
     </span>
     <span class='ocr_line' id='line_1_40' title="bbox 216 3383 1444 3462; baseline 0.024 -29"><span class='ocrx_word' id='word_1_401' title='bbox 216 3383 262 3434; x_wconf 84' lang='lat' dir='ltr'><strong>eit.</strong></span> <span class='ocrx_word' id='word_1_402' title='bbox 282 3388 471 3440; x_wconf 80' lang='lat' dir='ltr'><strong>contentionem</strong></span> <span class='ocrx_word' id='word_1_403' title='bbox 492 3406 523 3442; x_wconf 89' lang='lat' dir='ltr'><strong>ao</strong></span> <span class='ocrx_word' id='word_1_404' title='bbox 543 3396 759 3461; x_wconf 82' lang='lat' dir='ltr'><strong>comparationem</strong></span> <span class='ocrx_word' id='word_1_405' title='bbox 778 3396 838 3449; x_wconf 80' lang='lat' dir='ltr'><strong>testi</strong></span> <span class='ocrx_word' id='word_1_406' title='bbox 856 3398 1081 3454; x_wconf 80' lang='lat' dir='ltr'><strong>tabaruaenlorum</strong></span> <span class='ocrx_word' id='word_1_407' title='bbox 1097 3417 1155 3454; x_wconf 84' lang='lat' dir='ltr'><strong>onan</strong></span> <span class='ocrx_word' id='word_1_408' title='bbox 1168 3403 1350 3456; x_wconf 75' lang='lat' dir='ltr'><strong>incarnatione</strong></span> <span class='ocrx_word' id='word_1_409' title='bbox 1364 3411 1444 3462; x_wconf 81' lang='lat' dir='ltr'><strong>Jnla.</strong></span> 
     </span>
    </p>
   </div>
   <div class='ocr_carea' id='block_1_7' title="bbox 215 3450 1445 3592">
    <p class='ocr_par' dir='ltr' id='par_1_7' title="bbox 215 3450 1445 3592">
     <span class='ocr_line' id='line_1_41' title="bbox 215 3450 1445 3535; baseline 0.023 -31"><span class='ocrx_word' id='word_1_410' title='bbox 215 3450 237 3504; x_wconf 90' lang='lat'><strong>1.</strong></span> <span class='ocrx_word' id='word_1_411' title='bbox 259 3451 300 3506; x_wconf 79' lang='grc'><strong>14.</strong></span> <span class='ocrx_word' id='word_1_412' title='bbox 321 3454 529 3523; x_wconf 72' lang='lat' dir='ltr'><strong>ingeniosiorem,</strong></span> <span class='ocrx_word' id='word_1_413' title='bbox 547 3477 623 3529; x_wconf 80' lang='lat' dir='ltr'><strong>quani</strong></span> <span class='ocrx_word' id='word_1_414' title='bbox 643 3464 770 3516; x_wconf 84' lang='lat' dir='ltr'><strong>veriorem</strong></span> <span class='ocrx_word' id='word_1_415' title='bbox 788 3466 915 3532; x_wconf 79' lang='lat' dir='ltr'><strong>dissutis,</strong></span> <span class='ocrx_word' id='word_1_416' title='bbox 938 3470 1149 3535; x_wconf 72' lang='lat' dir='ltr'><strong>quomadmodum</strong></span> <span class='ocrx_word' id='word_1_417' title='bbox 1176 3487 1224 3524; x_wconf 87' lang='lat' dir='ltr'><strong>nee</strong></span> <span class='ocrx_word' id='word_1_418' title='bbox 1244 3472 1331 3524; x_wconf 75' lang='lat' dir='ltr'><strong>amana</strong></span> <span class='ocrx_word' id='word_1_419' title='bbox 1349 3474 1445 3532; x_wconf 75' lang='lat' dir='ltr'><strong>libelli</strong></span> 
     </span>
     <span class='ocr_line' id='line_1_42' title="bbox 218 3521 731 3592; baseline 0.018 -19"><span class='ocrx_word' id='word_1_420' title='bbox 218 3521 357 3578; x_wconf 77' lang='lat' dir='ltr'><strong>liiuisiasi</strong></span> <span class='ocrx_word' id='word_1_421' title='bbox 375 3526 471 3592; x_wconf 85' lang='lat' dir='ltr'><strong>plaolta</strong></span> <span class='ocrx_word' id='word_1_422' title='bbox 490 3530 567 3580; x_wconf 87' lang='lat' dir='ltr'><strong>velim</strong></span> <span class='ocrx_word' id='word_1_423' title='bbox 585 3532 731 3584; x_wconf 86' lang='lat' dir='ltr'><strong>admittere.</strong></span> 
     </span>
    </p>
   </div>
   <div class='ocr_carea' id='block_1_8' title="bbox 208 3591 1467 4482">
    <p class='ocr_par' dir='ltr' id='par_1_8' title="bbox 214 3591 1467 3867">
     <span class='ocr_line' id='line_1_43' title="bbox 282 3591 1445 3667; baseline 0.021 -24"><span class='ocrx_word' id='word_1_424' title='bbox 282 3591 313 3658; x_wconf 80' lang='lat'><strong>*)</strong></span> <span class='ocrx_word' id='word_1_425' title='bbox 333 3592 506 3648; x_wconf 81' lang='lat' dir='ltr'><strong>lirasmuna</strong></span> <span class='ocrx_word' id='word_1_426' title='bbox 536 3597 747 3666; x_wconf 79' lang='lat' dir='ltr'><strong>Sehrnidium</strong></span> <span class='ocrx_word' id='word_1_427' title='bbox 775 3602 809 3652; x_wconf 89' lang='lat' dir='ltr'><strong>nd</strong></span> <span class='ocrx_word' id='word_1_428' title='bbox 833 3600 892 3652; x_wconf 86' lang='lat' dir='ltr'><strong>lob.</strong></span> <span class='ocrx_word' id='word_1_429' title='bbox 916 3601 962 3654; x_wconf 86' lang='lat' dir='ltr'><strong>lll.</strong></span> <span class='ocrx_word' id='word_1_430' title='bbox 987 3607 1031 3659; x_wconf 80' lang='grc'><strong>30.</strong></span> <span class='ocrx_word' id='word_1_431' title='bbox 1062 3595 1137 3658; x_wconf 84' lang='lat' dir='ltr'><strong>lob.</strong></span> <span class='ocrx_word' id='word_1_432' title='bbox 1158 3606 1378 3661; x_wconf 76' lang='lat' dir='ltr'><strong>lierdainaas</strong></span> <span class='ocrx_word' id='word_1_433' title='bbox 1412 3617 1445 3667; x_wconf 86' lang='lat' dir='ltr'><strong>in</strong></span> 
     </span>
     <span class='ocr_line' id='line_1_44' title="bbox 214 3657 1444 3739; baseline 0.02 -31"><span class='ocrx_word' id='word_1_434' title='bbox 214 3657 334 3712; x_wconf 70' lang='lat' dir='ltr'><strong>dadrrh.</strong></span> <span class='ocrx_word' id='word_1_435' title='bbox 353 3661 599 3726; x_wconf 74' lang='lat' dir='ltr'><strong>Liphtlootum</strong></span> <span class='ocrx_word' id='word_1_436' title='bbox 620 3667 638 3718; x_wconf 92' lang='grc'><strong>1.</strong></span> <span class='ocrx_word' id='word_1_437' title='bbox 660 3683 695 3730; x_wconf 80' lang='lat' dir='ltr'><strong>e,</strong></span> <span class='ocrx_word' id='word_1_438' title='bbox 711 3683 761 3734; x_wconf 86' lang='lat' dir='ltr'><strong>qno</strong></span> <span class='ocrx_word' id='word_1_439' title='bbox 781 3670 859 3720; x_wconf 80' lang='lat' dir='ltr'><strong>etiam</strong></span> <span class='ocrx_word' id='word_1_440' title='bbox 878 3669 1007 3724; x_wconf 71' lang='lat' dir='ltr'><strong>retemndi</strong></span> <span class='ocrx_word' id='word_1_441' title='bbox 1035 3680 1112 3733; x_wconf 84' lang='lat' dir='ltr'><strong>snat,</strong></span> <span class='ocrx_word' id='word_1_442' title='bbox 1139 3675 1183 3739; x_wconf 88' lang='lat' dir='ltr'><strong>qni</strong></span> <span class='ocrx_word' id='word_1_443' title='bbox 1199 3675 1444 3735; x_wconf 72' lang='grc' dir='ltr'><strong>ΙιιΙιοιιιιοιιΙιιι-ιιιιι</strong></span> 
     </span>
     <span class='ocr_line' id='line_1_45' title="bbox 216 3723 1442 3816; baseline 0.024 -42"><span class='ocrx_word' id='word_1_444' title='bbox 216 3723 282 3777; x_wconf 79' lang='lat' dir='ltr'><strong>lento</strong></span> <span class='ocrx_word' id='word_1_445' title='bbox 301 3725 430 3782; x_wconf 85' lang='lat' dir='ltr'><strong>Christum</strong></span> <span class='ocrx_word' id='word_1_446' title='bbox 449 3739 536 3783; x_wconf 87' lang='lat' dir='ltr'><strong>natum</strong></span> <span class='ocrx_word' id='word_1_447' title='bbox 554 3733 651 3798; x_wconf 89' lang='lat' dir='ltr'><strong>dieunt,</strong></span> <span class='ocrx_word' id='word_1_448' title='bbox 667 3735 718 3786; x_wconf 83' lang='lat' dir='ltr'><strong>etsi</strong></span> <span class='ocrx_word' id='word_1_449' title='bbox 732 3736 893 3788; x_wconf 82' lang='lat' dir='ltr'><strong>sub&#39;iaitium</strong></span> <span class='ocrx_word' id='word_1_450' title='bbox 906 3740 1029 3803; x_wconf 86' lang='lat' dir='ltr'><strong>ontobris,</strong></span> <span class='ocrx_word' id='word_1_451' title='bbox 1049 3747 1080 3790; x_wconf 90' lang='lat' dir='ltr'><strong>ut</strong></span> <span class='ocrx_word' id='word_1_452' title='bbox 1095 3739 1201 3794; x_wconf 87' lang='lat' dir='ltr'><strong>hlatb.</strong></span> <span class='ocrx_word' id='word_1_453' title='bbox 1220 3742 1376 3799; x_wconf 80' lang='lat' dir='ltr'><strong>beroald</strong></span> <span class='ocrx_word' id='word_1_454' title='bbox 1387 3765 1442 3816; x_wconf 85' lang='lat' dir='ltr'><strong>us,</strong></span> 
     </span>
     <span class='ocr_line' id='line_1_46' title="bbox 214 3787 1467 3867; baseline 0.022 -29"><span class='ocrx_word' id='word_1_455' title='bbox 214 3787 283 3841; x_wconf 86' lang='lat' dir='ltr'><strong>los.</strong></span> <span class='ocrx_word' id='word_1_456' title='bbox 303 3791 482 3863; x_wconf 65' lang='lat' dir='ltr'><strong>Scaliger,</strong></span> <span class='ocrx_word' id='word_1_457' title='bbox 502 3799 543 3853; x_wconf 88' lang='lat' dir='ltr'><strong>Is.</strong></span> <span class='ocrx_word' id='word_1_458' title='bbox 562 3799 805 3867; x_wconf 83' lang='lat' dir='ltr'><strong>Casaubonns,</strong></span> <span class='ocrx_word' id='word_1_459' title='bbox 828 3804 919 3857; x_wconf 86' lang='lat' dir='ltr'><strong>Ssth.</strong></span> <span class='ocrx_word' id='word_1_460' title='bbox 941 3806 1137 3860; x_wconf 85' lang='lat' dir='ltr'><strong>Calvisius.</strong></span> <span class='ocrx_word' id='word_1_461' title='bbox 1466 3847 1467 3856; x_wconf 42' lang='grc' dir='ltr'>ι</span> 
     </span>
    </p>

    <p class='ocr_par' dir='ltr' id='par_1_9' title="bbox 208 3858 1467 4482">
     <span class='ocr_line' id='line_1_47' title="bbox 285 3858 1444 3948; baseline 0.018 -33"><span class='ocrx_word' id='word_1_462' title='bbox 285 3858 331 3926; x_wconf 68' lang='lat' dir='ltr'><strong>”l</strong></span> <span class='ocrx_word' id='word_1_463' title='bbox 353 3864 465 3932; x_wconf 82' lang='lat' dir='ltr'><strong>lta,&#39;qui</strong></span> <span class='ocrx_word' id='word_1_464' title='bbox 482 3883 515 3920; x_wconf 83' lang='lat' dir='ltr'><strong>ex</strong></span> <span class='ocrx_word' id='word_1_465' title='bbox 532 3873 647 3936; x_wconf 80' lang='lat' dir='ltr'><strong>tempore</strong></span> <span class='ocrx_word' id='word_1_466' title='bbox 666 3885 758 3922; x_wconf 76' lang='lat' dir='ltr'><strong>oeneus</strong></span> <span class='ocrx_word' id='word_1_467' title='bbox 779 3871 923 3938; x_wconf 83' lang='lat' dir='ltr'><strong>Quiriniani</strong></span> <span class='ocrx_word' id='word_1_468' title='bbox 942 3891 1033 3928; x_wconf 83' lang='lat' dir='ltr'><strong>eruere</strong></span> <span class='ocrx_word' id='word_1_469' title='bbox 1053 3891 1084 3928; x_wconf 90' lang='lat' dir='ltr'><strong>ao</strong></span> <span class='ocrx_word' id='word_1_470' title='bbox 1102 3877 1225 3942; x_wconf 70' lang='lat' dir='ltr'><strong>eolliane</strong></span> <span class='ocrx_word' id='word_1_471' title='bbox 1242 3885 1345 3948; x_wconf 78' lang='lat' dir='ltr'><strong>tempus</strong></span> <span class='ocrx_word' id='word_1_472' title='bbox 1364 3889 1444 3940; x_wconf 83' lang='lat' dir='ltr'><strong>nati-</strong></span> 
     </span>
     <span class='ocr_line' id='line_1_48' title="bbox 208 3925 1467 4020; baseline 0.025 -44"><span class='ocrx_word' id='word_1_473' title='bbox 208 3925 305 3978; x_wconf 79' lang='lat' dir='ltr'><strong>·vitatis</strong></span> <span class='ocrx_word' id='word_1_474' title='bbox 320 3929 345 3980; x_wconf 85' lang='lat' dir='ltr'><strong>l.</strong></span> <span class='ocrx_word' id='word_1_475' title='bbox 362 3931 548 3999; x_wconf 83' lang='lat' dir='ltr'><strong>C.volnerunt,</strong></span> <span class='ocrx_word' id='word_1_476' title='bbox 568 3937 669 4004; x_wconf 86' lang='lat' dir='ltr'><strong>qnando</strong></span> <span class='ocrx_word' id='word_1_477' title='bbox 688 3947 839 4004; x_wconf 85' lang='lat' dir='ltr'><strong>posueruut,</strong></span> <span class='ocrx_word' id='word_1_478' title='bbox 855 3939 999 4007; x_wconf 79' lang='lat' dir='ltr'><strong>Quiriniuna</strong></span> <span class='ocrx_word' id='word_1_479' title='bbox 1017 3951 1076 4011; x_wconf 85' lang='lat' dir='ltr'><strong>poet</strong></span> <span class='ocrx_word' id='word_1_480' title='bbox 1088 3953 1241 4000; x_wconf 68' lang='lat' dir='ltr'><strong>consutum</strong></span> <span class='ocrx_word' id='word_1_481' title='bbox 1251 3947 1443 4020; x_wconf 62' lang='lat' dir='ltr'><strong>mmmm,</strong></span> <span class='ocrx_word' id='word_1_482' title='bbox 1466 3993 1467 3998; x_wconf 20' lang='grc' dir='ltr'>η</span> 
     </span>
     <span class='ocr_line' id='line_1_49' title="bbox 214 3994 1445 4082; baseline 0.022 -37"><span class='ocrx_word' id='word_1_483' title='bbox 214 3994 312 4047; x_wconf 81' lang='lat' dir='ltr'><strong>ultimis</strong></span> <span class='ocrx_word' id='word_1_484' title='bbox 332 4001 463 4052; x_wconf 82' lang='lat' dir='ltr'><strong>mensibus</strong></span> <span class='ocrx_word' id='word_1_485' title='bbox 481 4003 581 4071; x_wconf 84' lang='lat' dir='ltr'><strong>imperii</strong></span> <span class='ocrx_word' id='word_1_486' title='bbox 602 4003 745 4069; x_wconf 86' lang='lat' dir='ltr'><strong>Saturnini,</strong></span> <span class='ocrx_word' id='word_1_487' title='bbox 774 4015 834 4059; x_wconf 83' lang='lat' dir='ltr'><strong>ante</strong></span> <span class='ocrx_word' id='word_1_488' title='bbox 853 4007 883 4074; x_wconf 81' lang='lat' dir='ltr'><strong>Q.</strong></span> <span class='ocrx_word' id='word_1_489' title='bbox 905 4009 969 4062; x_wconf 87' lang='lat' dir='ltr'><strong>Vari</strong></span> <span class='ocrx_word' id='word_1_490' title='bbox 986 4012 1134 4078; x_wconf 82' lang='lat' dir='ltr'><strong>adrentum,</strong></span> <span class='ocrx_word' id='word_1_491' title='bbox 1155 4029 1260 4066; x_wconf 83' lang='lat' dir='ltr'><strong>sensnm</strong></span> <span class='ocrx_word' id='word_1_492' title='bbox 1277 4015 1375 4082; x_wconf 65' lang='lat' dir='ltr'><strong>esium,</strong></span> <span class='ocrx_word' id='word_1_493' title='bbox 1398 4023 1445 4074; x_wconf 87' lang='lat' dir='ltr'><strong>in-</strong></span> 
     </span>
     <span class='ocr_line' id='line_1_50' title="bbox 213 4072 1442 4154; baseline 0.019 -36"><span class='ocrx_word' id='word_1_494' title='bbox 213 4072 342 4118; x_wconf 72' lang='lat' dir='ltr'><strong>venerunt</strong></span> <span class='ocrx_word' id='word_1_495' title='bbox 360 4072 677 4140; x_wconf 71' lang='lat' dir='ltr'><strong>mensem-septembrem,</strong></span> <span class='ocrx_word' id='word_1_496' title='bbox 702 4081 733 4124; x_wconf 90' lang='lat' dir='ltr'><strong>ut</strong></span> <span class='ocrx_word' id='word_1_497' title='bbox 750 4074 973 4142; x_wconf 88' lang='lat' dir='ltr'><strong>llarduiuus,</strong></span> <span class='ocrx_word' id='word_1_498' title='bbox 997 4079 1211 4134; x_wconf 81' lang='lat' dir='ltr'><strong>Lardnerns.</strong></span> <span class='ocrx_word' id='word_1_499' title='bbox 1249 4083 1289 4135; x_wconf 83' lang='lat' dir='ltr'><strong>lta</strong></span> <span class='ocrx_word' id='word_1_500' title='bbox 1317 4100 1442 4154; x_wconf 82' lang='lat' dir='ltr'><strong>quoqne,</strong></span> 
     </span>
     <span class='ocr_line' id='line_1_51' title="bbox 215 4131 1442 4211; baseline 0.024 -30"><span class='ocrx_word' id='word_1_501' title='bbox 215 4131 260 4194; x_wconf 82' lang='lat' dir='ltr'><strong>qni</strong></span> <span class='ocrx_word' id='word_1_502' title='bbox 277 4139 361 4186; x_wconf 75' lang='lat' dir='ltr'><strong>sumto</strong></span> <span class='ocrx_word' id='word_1_503' title='bbox 381 4141 494 4202; x_wconf 84' lang='lat' dir='ltr'><strong>tempore</strong></span> <span class='ocrx_word' id='word_1_504' title='bbox 514 4140 609 4204; x_wconf 86' lang='lat' dir='ltr'><strong>publiei</strong></span> <span class='ocrx_word' id='word_1_505' title='bbox 618 4140 754 4194; x_wconf 84' lang='lat' dir='ltr'><strong>ministerii</strong></span> <span class='ocrx_word' id='word_1_506' title='bbox 776 4143 873 4204; x_wconf 81' lang='lat' dir='ltr'><strong>Christi</strong></span> <span class='ocrx_word' id='word_1_507' title='bbox 891 4147 998 4200; x_wconf 86' lang='lat' dir='ltr'><strong>duorum</strong></span> <span class='ocrx_word' id='word_1_508' title='bbox 1018 4163 1143 4202; x_wconf 81' lang='lat' dir='ltr'><strong>annorum</strong></span> <span class='ocrx_word' id='word_1_509' title='bbox 1162 4166 1220 4205; x_wconf 82' lang='lat' dir='ltr'><strong>oum</strong></span> <span class='ocrx_word' id='word_1_510' title='bbox 1237 4151 1343 4204; x_wconf 86' lang='lat' dir='ltr'><strong>dimidio</strong></span> <span class='ocrx_word' id='word_1_511' title='bbox 1358 4161 1442 4211; x_wconf 81' lang='lat' dir='ltr'><strong>tertii</strong></span> 
     </span>
     <span class='ocr_line' id='line_1_52' title="bbox 214 4198 1440 4278; baseline 0.027 -32"><span class='ocrx_word' id='word_1_512' title='bbox 214 4211 249 4248; x_wconf 82' lang='lat' dir='ltr'><strong>ex</strong></span> <span class='ocrx_word' id='word_1_513' title='bbox 267 4198 333 4252; x_wconf 84' lang='lat' dir='ltr'><strong>Dan.</strong></span> <span class='ocrx_word' id='word_1_514' title='bbox 354 4204 381 4266; x_wconf 87' lang='grc'><strong>9,</strong></span> <span class='ocrx_word' id='word_1_515' title='bbox 402 4207 444 4254; x_wconf 81' lang='lat'><strong>27.</strong></span> <span class='ocrx_word' id='word_1_516' title='bbox 465 4211 492 4254; x_wconf 83' lang='lat' dir='ltr'><strong>et</strong></span> <span class='ocrx_word' id='word_1_517' title='bbox 508 4205 558 4257; x_wconf 80' lang='lat' dir='ltr'><strong>lino</strong></span> <span class='ocrx_word' id='word_1_518' title='bbox 576 4207 634 4272; x_wconf 75' lang='lat' dir='ltr'><strong>eins</strong></span> <span class='ocrx_word' id='word_1_519' title='bbox 657 4209 784 4276; x_wconf 86' lang='lat' dir='ltr'><strong>baptismo</strong></span> <span class='ocrx_word' id='word_1_520' title='bbox 804 4213 830 4264; x_wconf 87' lang='lat' dir='ltr'><strong>in</strong></span> <span class='ocrx_word' id='word_1_521' title='bbox 858 4225 950 4268; x_wconf 80' lang='lat' dir='ltr'><strong>annam</strong></span> <span class='ocrx_word' id='word_1_522' title='bbox 968 4217 1064 4270; x_wconf 80' lang='lat' dir='ltr'><strong>aetatis</strong></span> <span class='ocrx_word' id='word_1_523' title='bbox 1081 4221 1125 4272; x_wconf 83' lang='grc'><strong>30.</strong></span> <span class='ocrx_word' id='word_1_524' title='bbox 1145 4225 1226 4270; x_wconf 86' lang='lat' dir='ltr'><strong>totam</strong></span> <span class='ocrx_word' id='word_1_525' title='bbox 1242 4220 1323 4270; x_wconf 83' lang='lat' dir='ltr'><strong>vitam</strong></span> <span class='ocrx_word' id='word_1_526' title='bbox 1342 4221 1370 4271; x_wconf 92' lang='lat' dir='ltr'><strong>iu</strong></span> <span class='ocrx_word' id='word_1_527' title='bbox 1393 4226 1440 4278; x_wconf 88' lang='lat' dir='ltr'><strong>his</strong></span> 
     </span>
     <span class='ocr_line' id='line_1_53' title="bbox 208 4267 1441 4352; baseline 0.024 -36"><span class='ocrx_word' id='word_1_528' title='bbox 208 4267 293 4318; x_wconf 79' lang='lat' dir='ltr'><strong>torris</strong></span> <span class='ocrx_word' id='word_1_529' title='bbox 311 4269 408 4322; x_wconf 79' lang='lat' dir='ltr'><strong>Christi</strong></span> <span class='ocrx_word' id='word_1_530' title='bbox 425 4273 459 4324; x_wconf 82' lang='grc'><strong>32</strong></span> <span class='ocrx_word' id='word_1_531' title='bbox 477 4274 551 4324; x_wconf 84' lang='lat' dir='ltr'><strong>annis</strong></span> <span class='ocrx_word' id='word_1_532' title='bbox 569 4283 597 4325; x_wconf 86' lang='lat' dir='ltr'><strong>et</strong></span> <span class='ocrx_word' id='word_1_533' title='bbox 613 4291 660 4328; x_wconf 82' lang='lat' dir='ltr'><strong>sex</strong></span> <span class='ocrx_word' id='word_1_534' title='bbox 679 4279 820 4345; x_wconf 85' lang='lat' dir='ltr'><strong>mensibus,</strong></span> <span class='ocrx_word' id='word_1_535' title='bbox 843 4289 905 4348; x_wconf 87' lang='lat' dir='ltr'><strong>quot</strong></span> <span class='ocrx_word' id='word_1_536' title='bbox 921 4283 982 4334; x_wconf 84' lang='lat' dir='ltr'><strong>olim</strong></span> <span class='ocrx_word' id='word_1_537' title='bbox 999 4283 1084 4338; x_wconf 80' lang='lat' dir='ltr'><strong>David</strong></span> <span class='ocrx_word' id='word_1_538' title='bbox 1103 4285 1287 4352; x_wconf 78' lang='lat' dir='ltr'><strong>Hierosolymis</strong></span> <span class='ocrx_word' id='word_1_539' title='bbox 1307 4296 1441 4352; x_wconf 68' lang='lat' dir='ltr'><strong>regnavit</strong></span> 
     </span>
     <span class='ocr_line' id='line_1_54' title="bbox 214 4334 1441 4424; baseline 0.024 -41"><span class='ocrx_word' id='word_1_540' title='bbox 214 4335 254 4394; x_wconf 73' lang='lat'><strong>(2.</strong></span> <span class='ocrx_word' id='word_1_541' title='bbox 274 4334 344 4389; x_wconf 84' lang='lat' dir='ltr'><strong>Sam.</strong></span> <span class='ocrx_word' id='word_1_542' title='bbox 362 4340 390 4401; x_wconf 78' lang='grc'><strong>5,</strong></span> <span class='ocrx_word' id='word_1_543' title='bbox 409 4339 449 4396; x_wconf 74' lang='lat' dir='ltr'><strong>t.)</strong></span> <span class='ocrx_word' id='word_1_544' title='bbox 467 4338 632 4406; x_wconf 75' lang='lat' dir='ltr'><strong>definierant,</strong></span> <span class='ocrx_word' id='word_1_545' title='bbox 654 4351 731 4411; x_wconf 80' lang='lat' dir='ltr'><strong>atque</strong></span> <span class='ocrx_word' id='word_1_546' title='bbox 750 4349 815 4398; x_wconf 86' lang='lat' dir='ltr'><strong>adeo</strong></span> <span class='ocrx_word' id='word_1_547' title='bbox 832 4350 976 4402; x_wconf 87' lang='lat' dir='ltr'><strong>rationibus</strong></span> <span class='ocrx_word' id='word_1_548' title='bbox 995 4367 1012 4402; x_wconf 85' lang='lat' dir='ltr'><strong>a</strong></span> <span class='ocrx_word' id='word_1_549' title='bbox 1030 4360 1113 4406; x_wconf 77' lang='lat' dir='ltr'><strong>morte</strong></span> <span class='ocrx_word' id='word_1_550' title='bbox 1130 4353 1188 4419; x_wconf 82' lang='lat' dir='ltr'><strong>ejus</strong></span> <span class='ocrx_word' id='word_1_551' title='bbox 1205 4361 1276 4406; x_wconf 82' lang='lat' dir='ltr'><strong>retro</strong></span> <span class='ocrx_word' id='word_1_552' title='bbox 1303 4367 1441 4424; x_wconf 82' lang='lat' dir='ltr'><strong>supputa·</strong></span> 
     </span>
     <span class='ocr_line' id='line_1_55' title="bbox 214 4393 1061 4482; baseline 0.021 -28"><span class='ocrx_word' id='word_1_553' title='bbox 214 4400 259 4475; x_wconf 74' lang='lat' dir='ltr'><strong>tis,</strong></span> <span class='ocrx_word' id='word_1_554' title='bbox 277 4403 345 4458; x_wconf 71' lang='lat' dir='ltr'><strong>diem</strong></span> <span class='ocrx_word' id='word_1_555' title='bbox 365 4408 407 4460; x_wconf 76' lang='lat' dir='ltr'><strong>ts.</strong></span> <span class='ocrx_word' id='word_1_556' title='bbox 429 4393 587 4472; x_wconf 78' lang='lat' dir='ltr'><strong>Septembris</strong></span> <span class='ocrx_word' id='word_1_557' title='bbox 606 4411 756 4478; x_wconf 75' lang='lat' dir='ltr'><strong>adsuerunt,</strong></span> <span class='ocrx_word' id='word_1_558' title='bbox 776 4423 807 4468; x_wconf 88' lang='lat' dir='ltr'><strong>ut</strong></span> <span class='ocrx_word' id='word_1_559' title='bbox 825 4416 1061 4482; x_wconf 72' lang='lat' dir='ltr'><strong>Lightlootns.</strong></span> 
     </span>
    </p>
   </div>
   <div class='ocr_carea' id='block_1_9' title="bbox 283 4471 1442 4557">
    <p class='ocr_par' dir='ltr' id='par_1_10' title="bbox 283 4471 1442 4557">
     <span class='ocr_line' id='line_1_56' title="bbox 283 4471 1442 4557; baseline 0.028 -35"><span class='ocrx_word' id='word_1_560' title='bbox 283 4471 351 4543; x_wconf 63' lang='lat' dir='ltr'><strong>W)</strong></span> <span class='ocrx_word' id='word_1_561' title='bbox 370 4471 436 4526; x_wconf 84' lang='lat' dir='ltr'><strong>Vide</strong></span> <span class='ocrx_word' id='word_1_562' title='bbox 449 4473 517 4536; x_wconf 73' lang='lat' dir='ltr'><strong>los.</strong></span> <span class='ocrx_word' id='word_1_563' title='bbox 534 4475 714 4541; x_wconf 65' lang='lat' dir='ltr'><strong>binsbsmi</strong></span> <span class='ocrx_word' id='word_1_564' title='bbox 736 4485 809 4552; x_wconf 73' lang='lat' dir='ltr'><strong>(trip.</strong></span> <span class='ocrx_word' id='word_1_565' title='bbox 828 4501 853 4538; x_wconf 77' lang='lat' dir='ltr'><strong>a.</strong></span> <span class='ocrx_word' id='word_1_566' title='bbox 867 4487 990 4554; x_wconf 70' lang='lat' dir='ltr'><strong>antiquit.</strong></span> <span class='ocrx_word' id='word_1_567' title='bbox 1014 4491 1080 4542; x_wconf 69' lang='lat' dir='ltr'><strong>eret·</strong></span> <span class='ocrx_word' id='word_1_568' title='bbox 1101 4487 1160 4544; x_wconf 82' lang='lat' dir='ltr'><strong>Vol.</strong></span> <span class='ocrx_word' id='word_1_569' title='bbox 1179 4491 1206 4548; x_wconf 80' lang='lat'><strong>9·</strong></span> <span class='ocrx_word' id='word_1_570' title='bbox 1222 4506 1248 4557; x_wconf 80' lang='lat' dir='ltr'><strong>lt.</strong></span> <span class='ocrx_word' id='word_1_571' title='bbox 1265 4491 1309 4548; x_wconf 75' lang='lat'><strong>6¹1·</strong></span> <span class='ocrx_word' id='word_1_572' title='bbox 1338 4489 1442 4550; x_wconf 70' lang='lat' dir='ltr'><strong>Refert</strong></span> 
     </span>
    </p>
   </div>
   <div class='ocr_carea' id='block_1_10' title="bbox 0 0 1481 4904">
    <p class='ocr_par' dir='ltr' id='par_1_11' title="bbox 0 0 1481 4904">
     <span class='ocr_line' id='line_1_57' title="bbox 0 0 1481 4904; baseline 0 0"><span class='ocrx_word' id='word_1_573' title='bbox 0 0 1481 4904; x_wconf 95' lang='lat' dir='ltr'><strong> </strong></span> 
     </span>
    </p>
   </div>
  </div>
 </body>
</html>
