2982 4892
172 243 237 326 3'48
638 257 696 326 sd
711 255 919 348 Bacbsnbsrg.
1010 291 1019 304 «

171 436 288 501 ridetur
302 435 449 500 recentior
464 431 560 498 inisse
577 431 768 498 Graecorum.
807 431 848 498 lli
872 431 949 500 euim
974 433 1041 498 dnm
1059 430 1090 496 iu
1100 429 1245 514 precibus
1263 431 1391 514 palmos
1479 461 1480 466 ¹

154 530 157 534 ’
172 523 384 601 combinamnt,
399 524 466 605 ipso
481 521 583 586 babitu
598 541 696 585 eoram
705 523 773 592 lien
786 541 821 586 se
835 541 903 586 neos
924 521 1106 604 miserosque
1121 530 1293 604 pensatores
1308 542 1392 604 snp-

170 611 267 694 pliciis
285 609 392 692 diguus
409 610 534 693 professi
552 617 629 686 sunt,
645 609 875 677 missricmdiam
890 611 946 674 boc
967 617 1055 692 gestu
1069 605 1175 674 humili
1189 609 1284 673 instar
1299 609 1391 675 τίσα-

171 710 265 763 torum
281 697 481 781 implorantes.
514 697 561 762 Gi.
579 699 762 762 llildobrondi
776 700 878 762 munla
893 703 1036 766 muncrum
1052 719 1078 763 o.
1092 697 1123 762 ⁹.
1138 719 1168 763 n.
1184 697 1214 762 9.

257 821 286 906 ξ.
313 821 358 884 bs
374 819 521 882 ‘Sanctior
537 839 608 900 ergo
622 819 794 899 iric-gestus
807 820 964 902 magisque
980 815 1158 882 conveniens
1174 821 1277 883 devote
1293 837 1390 882 ornn-

124 908 126 916 ’
170 908 250 971 tibus
266 907 331 986 init,
350 927 435 990 quam
454 910 745 988 l'rcsccdnrpttnarm,
760 927 833 988 qnos
849 907 1034 990 Epiphanius
1050 902 1216 970 sumta.
1233 917 1390 986 memorat,

169 996 408 1074 interstandum,
427 998 541 1074 digitum
551 1015 633 1058 suurn
647 997 764 1060 indicent
779 1001 810 1058 in
825 1015 927 1058 nusum
942 999 1124 1078 supernum
1139 990 1170 1056 ut'
1186 993 1254 1056 inde
1266 995 1389 1058 nomine

169 1083 227 1148 lroc
244 1083 330 1147 etiam
348 1081 488 1166 appellari
511 1081 632 1147 inerint.
669 1081 744 1145 Nam
771 1093 899 1162 truncare,
921 1083 1079 1164 interprete
1096 1081 1278 1164 Epiphanio,
1303 1086 1388 1166 apud

169 1173 251 1255 ipsos
269 1170 426 1254 perticam,
447 1173 551 1234 drusus
565 1190 634 1233 vero
649 1187 755 1232 nasum
771 1169 966 1250 significabat.
1004 1170 1088 1232 Unde
1104 1175 1310 1246 Pertironumti
1327 1191 1390 1234 au-

170 1259 263 1324 diunt.
294 1257 441 1327 Beronins
456 1261 544 1322 Anni.
559 1261 598 1323 ud
613 1279 641 1322 u.
659 1260 724 1321 ctu.
737 1257 808 1321 174.
823 1280 901 1324 curn.
918 1259 971 1322 38.
988 1257 1078 1340 inepti
1093 1257 1182 1340 lrnjns
1198 1258 1289 1320 moris
1303 1258 1388 1322 banc
1479 1281 1480 1284 ¹

169 1349 312 1412 rationem
328 1347 442 1412 reddit:
474 1345 562 1424 Quod
575 1365 669 1408 nasus
687 1352 765 1408 esset
778 1345 884 1428 judicii
900 1347 1034 1426 signnm,
1058 1353 1086 1408 et
1102 1345 1213 1426 digitus
1227 1343 1388 1430 hierogly-

168 1437 287 1517 phicnm
304 1433 494 1496 dimensionis
511 1435 557 1511 (ut
571 1444 616 1494 est
631 1432 831 1514 apndllcrum
839 1433 1019 1514 Apollinem)
1030 1432 1121 1513 digito
1138 1449 1242 1495 nasum
1259 1443 1387 1514 tangere
1479 1493 1480 1496 ,

168 1525 243 1586 idem
261 1519 430 1604 significare
446 1521 614 1597 ridebatur,
641 1522 717 1600 quod
736 1529 815 1581 recto
836 1521 937 1604 judico
954 1532 1060 1586 cuncta
1075 1520 1170 1582 metiri
1186 1535 1222 1582 ac
1237 1521 1387 1603 judicare.

168 1611 327 1674 Enimuero
337 1609 534 1691 Epiphanius,
551 1608 600 1670 cni
617 1608 756 1669 maiorem
774 1609 829 1668 bac
845 1609 876 1671 in
894 1619 976 1692 parte
992 1607 1078 1672 fidem
1095 1609 1246 1686 babemus,
1263 1620 1386 1690 gestum

167 1700 245 1761 bunc
261 1696 424 1781 symbolum
441 1696 529 1758 animi
547 1696 705 1758 moerentis
723 1695 816 1758 inisse
833 1695 892 1760 aitr
923 1693 958 1758 Si
974 1707 1104 1760 ueterum
1124 1693 1304 1776 imaginibus
1322 1696 1386 1759 ali-

144 1785 238 1872 .qnid
261 1785 464 1862 tribuendum,
489 1779 556 1846 aute
578 1785 638 1865 jam
662 1792 836 1846 memoratos
846 1783 1018 1866 Epiphanio
1043 1781 1208 1846 haereticos
1234 1805 1296 1847 mos
1321 1803 1387 1846 non

168 1873 319 1938 dussrmrlrs
334 1894 367 1934 ru
382 1872 502 1954 antiqua
519 1870 645 1933 ecclesia
661 1869 828 1956 apostolica
844 1871 977 1959 obtinuit.
1002 1875 1110 1934 Paulus
1129 1871 1205 1934 euim
1221 1875 1348 1954 stringor
1363 1873 1387 1936 l.

167 1983 194 2026 c.
209 1961 293 2024 testis
311 1970 372 2038 est,
390 1959 449 2022 sibi
465 1960 547 2022 visas
562 1957 709 2038 imagines
725 1957 805 2020 Petri
822 1957 946 2040 apostoli
960 1969 991 2022 'et
1006 1961 1096 2022 lonae
1111 1959 1286 2041 prophetae,
1304 1981 1386 2042 qna·

166 2069 230 2127 rum
246 2057 371 2132 utraque
387 2045 508 2126 digitum
525 2041 660 2108 manibus
677 2047 822 2108 admotum
839 2047 957 2126 babnitp
974 2045 1015 2110 ita
1031 2046 1157 2128 quidem,
1174 2057 1206 2108 ut
1219 2047 1305 2128 juxta
1321 2048 1386 2110 Pe·
1479 2121 1480 2124 Ἴ

166 2146 242 2198 trum
259 2133 376 2215 gallus,
392 2133 485 2196 trinae
502 2131 708 2212 abnegationis
725 2133 864 2213 monitor,
881 2135 972 2197 Jonas
987 2129 1045 2196 snb
1062 2135 1144 2197 arido
1160 2133 1297 2196 loliorum
1312 2143 1384 2198 irm-

165 2221 290 2286 braculo
306 2221 421 2304 positus
438 2221 537 2284 luerit.
575 2216 687 2284 Mirum
694 2235 771 2284 'vcro
788 2221 900 2302 Alingo
919 2217 1051 2297 ridetur,
1062 2223 1151 2284 bunc
1166 2221 1383 2286 haereticorum

98 2383 106 2398 f
167 2309 252 2373 ritum
269 2313 307 2374 ad
324 2308 483 2382 catholicas
501 2323 605 2391 preces
629 2307 810 2391 pervasisse.
849 2309 950 2388 Quare
971 2305 1177 2397 picturisillis
1202 2331 1261 2372 uon
1284 2327 1384 2375 mores

143 2391 148 2402 ⁸
167 2398 311 2462 orantium
329 2396 461 2480 exprimi,
479 2401 530 2460 sed
549 2417 576 2461 r.
593 2417 623 2477 g.
640 2397 671 2460 in
688 2396 817 2478 imagine
829 2397 921 2460 lonae
937 2397 1166 2478 indignationem
1183 2397 1294 2476 notari,
1312 2417 1384 2462 σιιιιι

165 2485 192 2549 is
208 2485 455 2564 stomacharetur,
482 2483 617 2547 Ninirem
634 2483 676 2545 uti
692 2485 811 2546 numine
826 2485 963 2566 propitio,
987 2495 1079 2568 putat.
1114 2485 1209 2549 Nares
1226 2481 1384 2570 enimfait,

165 2573 244 2639 velut
270 2573 419 2654 raecipna
435 2575 522 2634 redes
538 2571 711 2634 iracundiae
728 2582 807 2636 snut.
835 2571 947 2636 Confer
961 2573 1145 2636 Hildeirundi
1165 2576 1263 2655 ιὶισσι.
1286 2587 1383 2637 munt.

165 2663 196 2726 9.
211 2683 241 2726 n.
281 2663 311 2724 5.
349 2661 410 2723 Nos
436 2679 502 2722 enm
527 2662 563 2721 de
588 2658 759 2740 antiquitate
784 2660 944 2742 imaginum
969 2663 1006 2724 ab
1030 2658 1144 2742 Aringo
1168 2659 1381 2742 descriptarum

165 2747 238 2811 nihil
261 2747 332 2810 ectri
360 2757 488 2824 constet,
512 2747 655 2828 pictorum
680 2757 730 2808 aut
752 2747 931 2830 sculptorum
955 2747 1042 2810 lusus
1067 2749 1166 2813 nerins
1192 2768 1279 2830 quam
1303 2749 1381 2812 ritus

165 2836 309 2898 orantium
326 2836 381 2898 luas
398 2835 513 2916 efligies
531 2833 642 2896 referre
659 2835 823 2916 opinamur.
870 2836 937 2913 Quo
954 2835 1030 2900 euim
1045 2836 1154 2898 indicio
1171 2837 1255 2900 nosci
1272 2848 1381 2920 potest,

164 2925 220 2988 lroc
236 2935 340 3006 gestu,
355 2925 475 2986 'sanctos
493 2922 663 3008 duumviros
680 2941 752 2984 usos
770 2923 861 2986 essai
893 2921 1127 3006 Hieruglyplrica
1142 2930 1244 2986 autem
1255 2921 1394 3010 istorum

164 3013 312 3075 bominum
327 3011 472 3096 sapientia
488 3011 615 3090 exiguae
631 3012 708 3094 apud
724 3010 929 3092 prudentiores
945 3031 1062 3094 sempor
1075 3012 1132 3074 init
1146 3011 1356 3079 annonaria·

166 3219 168 3229 ,
251 3149 280 3232 ᾗ.
299 3149 350 3214 10.
383 3149 419 3214 Si
442 3169 537 3231 porro·
553 3147 859 3232 oonsasxerpcpuloc
876 3149 1075 3233 inquirimus,
1095 3152 1379 3235 ,primnmlrnmines
1479 3143 1480 3156 ¹

163 3237 297 3301 ridentur
311 3234 432 3298 luminis
448 3245 571 3324 namtas
587 3239 677 3303 ductu
693 3237 780 3316 moti,
799 3247 831 3300 ut
846 3233 941 3302 Deum
956 3239 1129 3320 invocaturi,
1147 3243 1284 3304 manibus
1300 3245 1379 3306 sub-

164 3324 249 3402 latis,
267 3321 383 3398 coelum
399 3327 594 3406 respicerent,
612 3325 689 3407 quod
706 3324 864 3389 mirandam
883 3331 987 3390 summi
1005 3319 1157 3394 architecti
1174 3329 1258 3412 quasi
1274 3332 1380 3399 sedem

165 3410 292 3484 exhibet.
315 3406 347 3475 ld
365 3415 442 3514 pund
460 3411 666 3476 Theodoretns
682 3413 713 3474 in
729 3411 779 3476 Pe.
790 3410 881 3492 laet.
897 3415 1033 3493 arabs
1050 3409 1201 3504 eleganter
1217 3417 1377 3498 describit:

163 3495 252 3606 o'rpnci
265 3496 318 3562 nai
334 3520 431 3580 μονον
446 3490 634 3578 φαινόμενον
657 3489 693 3562 τὸ
712 3491 824 3572 κάλλος
846 3492 898 3564 καὶ
920 3499 1075 3585 μέγεθος,
1101 3499 1171 3566 soni‘
1184 3501 1380 3588 δημιουργοῦ

123 3643 126 3662 ,
163 3610 222 3672 την
236 3578 370 3666 δύναμιν
385 3577 526 3673 κηρύξαι.
545 3587 572 3650 si
582 3575 638 3670 peip
650 3582 666 3648 ὃ
677 3589 827 3670 μεγίστην
841 3588 891 3650 καὶ
906 3581 1270 3676 καλλίστηνσῖκσᾷομίαν
1285 3583 1378 3664 beci-

163 3696 255 3755 μενος
263 3683 276 3756 ,“
295 3666 351 3737 τὸν
368 3663 531 3753 οἰκονόμον
547 3663 723 3755 θαυμάζει,
747 3674 796 3737 καὶ
819 3665 938 3754 σκάφος
953 3668 1033 3761 ὁρῶν
1050 3661 1085 3740 nir
1100 3677 1150 3741 καὶ
1162 3675 1265 3752 ’καλῶς
1281 3700 1377 3744 κατε-

163 3761 382 3842 σκευασμένον,
398 3751 454 3824 τὸν
466 3749 625 3844 ναυπηγὸν
637 3760 744 3840 inveni,
761 3760 814 3837 καὶ
825 3760 866 3848 τῇ
874 3763 996 3847 θεωρία
1008 3763 1070 3846 τῆς
1081 3755 1200 3842 ninniven
1211 3759 1231 3848 ἡ
1243 3765 1302 3829 rori
1318 3763 1379 3844 ζω-

162 3841 284 3933 γράφον
300 3847 530 3932 συνεισέρχεται
544 3841 660 3953 μνήμη,
676 3844 783 3928 πολλῷ
798 3841 966 3932 δήπουθεν
980 3827 1010 3936 ’ἡ
1027 3854 1126 3926 κτίσις
1141 3847 1280 3938 ὁρωμένη
1296 3843 1399 3935 πρός-

162 3925 219 3998 τὸν
235 3923 423 4017 δημιουργὸν
444 3929 578 4017 πσδηγεῖ
598 3957 673 4008 τους
696 3929 843 4018 ὁρῶντας.
882 3936 991 4002 Confer
1013 3945 1077 4006 rob.
1096 3949 1229 4006 llcmcro.
1253 3945 1290 4005 de
1310 3945 1376 4008 bid

163 4027 235 4087 ortb.
251 4021 290 4102 2,
316 4021 348 4085 6.
387 4021 467 4084 Hinc
490 4023 665 4086 Aristoteles
690 4025 724 4086 de
749 4029 822 4088 coelo
839 4025 868 4105 l,
886 4027 916 4090 s.
939 4017 1056 4101 πάντες
1078 4016 1307 4094 τὸνᾶνωταὶτω
1330 4024 1377 4110 τῷ

163 4105 246 4188 θείῳ
262 4100 363 4170 τόπον
374 4099 581 4210 ῥπσδιδόασι,
597 4109 647 4172 καὶ
662 4100 818 4194 βάρβαροι
834 4101 1062 4198 καὶἝλληνες,Ι
1078 4103 1208 4202 ‘o'uoorrs'p
1225 4109 1306 4182 εἶναι
1321 4139 1375 4180 νο-

163 4193 285 4277 μίζουσι
299 4193 411 4266 deone.
437 4195 477 4269 lit
492 4208 578 4260 autur
592 4197 661 4282 libri
679 4199 714 4262 de
730 4201 847 4278 mondo,
863 4202 914 4284 qui
930 4201 1097 4270 Aristotelis
1112 4204 1229 4268 nomine
1247 4202 1376 4269 circnm-

164 4283 275 4348 lertnr:
308 4281 580 4386 Συνεπιμαηταρεΐ
595 4281 630 4348 δὲ
646 4281 731 4370 unii
755 4285 825 4370 βίος
840 4275 941 4376 irrue,
964 4279 1023 4372 τὴν
1038 4285 1103 4355 ἄνω
1119 4283 1223 4376 χώραν,
1235 4281 1377 4366 ’ἀντιδοὺς

164 4363 244 4455 θεῷ.
276 4369 354 4432 ‘Kal'
367 4357 424 4454 peip
439 4385 555 4444 παντες
571 4374 602 4436 oi
628 4365 798 4456 ἅνθρωποι
819 4373 1020 4460 &cassinense
1043 4370 1100 4454 τᾶς
1122 4381 1295 4464 χεῖρσςιῖς
1319 4369 1377 4444 τὸν

165 4447 307 4542 disponis,
323 4447 415 4558 ηῧχᾶς
430 4448 623 4538 ποιούμεναι.
645 4460 849 4546 sinoponus
866 4471 957 4532 aaut.
971 4467 1002 4548 1,
1021 4469 1071 4531 19.
1097 4457 1157 4535 Διὸ
1172 4466 1223 4532 aul
1238 4457 1296 4540 τὰς
1309 4474 1377 4553 χεῖ-
