2962 4898
100 296 107 306 ·
227 263 292 332 tat
407 254 413 271 ‘
434 241 439 251 ¹
466 263 507 332 Η.
522 261 721 330 liluneubaub
735 228 922 345 antiquitates
937 259 1181 346 Epipbeuienuu.

228 437 461 522 quinquemillia
476 439 623 502 bominum
640 437 790 500 satiaverit
799 437 949 516 Christus,
966 436 997 498 in
1014 457 1072 519 que
1089 433 1194 524 salutis
1207 441 1326 497 uestrae
1346 437 1452 498 eonti-

227 535 352 588 ueautur
367 526 505 608 mysteria
521 537 549 588 et
564 527 681 608 gaudia.
705 525 837 606 Ineptum
856 535 1003 587 auctorem
1023 525 1148 604 pandunt
1163 525 1252 586 verba
1263 522 1451 602 novissima,

229 613 403 696 quamquam
430 611 476 674 rel
500 613 665 692 Augustino
683 611 753 673 talia
769 633 827 674 non
846 611 962 673 omuino
980 611 1039 672 sint
1062 610 1196 690 indigna.
1227 611 1361 688 Noram,
1378 633 1451 693 *qua

228 721 286 761 nen
305 701 448 779 egebant,
475 699 639 780 epiphaniis
657 697 853 762 celebritatem
872 718 975 780 parare
992 697 1109 760 tietieue
1127 707 1250 760 cetratus
1267 708 1313 760 est
1330 710 1450 773 auetor,

227 785 259 848 in
275 785 397 848 ambone
415 785 653 848 contradictionis
670 797 788 866 experte
806 786 991 850 constitutus.
1013 784 1085 846 Erat
1100 784 1174 846 ferte
1193 806 1230 846 ex
1245 785 1449 866 illis,quibus,

229 885 420 951 euntempnre
430 871 543 952 utinen,
561 873 702 953 quidlibet
717 874 843 934 audendi
860 871 1050 953 roupertum
1065 891 1160 952 aequa
1178 883 1318 953 potestas,
1337 875 1450 935 Reda

228 957 486 1023 Venerabilis
503 959 684 1039 ejasrlemrei
701 959 971 1038 lenitaueationem3
988 959 1449 1040 necemittiturbeeepipbanie-

228 1066 291 1106 rum
302 1045 509 1106 miraeulamin
520 1049 624 1127 bymnn
634 1069 642 1108 :
653 1051 818 1109 illuminare
826 1051 981 1108 altissimae
997 1045 1063 1106 olim
1075 1048 1236 1108 decantata.
1251 1045 1312 1106 lma
1322 1048 1337 1108 1
1347 1068 1366 1108 a
1377 1070 1394 1109 u
1404 1069 1421 1110 a
1432 1085 1449 1097 -

229 1133 300 1194 bue
318 1133 363 1193 tle
381 1131 580 1211 varagine
603 1155 689 1195 nitrea
706 1153 762 1194 sua
785 1137 917 1214 legenda,
941 1135 1188 1210 linearem,
1217 1133 1448 1213 Hospinia-

187 1251 191 1264 ι
230 1239 323 1292 uns,
343 1218 638 1298 Quenstedius,
665 1222 839 1283 loannes
865 1220 975 1302 Gaea.
995 1219 1163 1282 Calroer
1188 1229 1216 1281 et
1239 1219 1449 1301 Jesepbus

229 1305 418 1382 bingiam
438 1327 495 1368 nne
515 1328 565 1368 ore
580 1310 615 1368 ad
637 1306 713 1368 hane
730 1307 929 1389 antiquitatem
947 1317 1116 1387 provocant.
1149 1306 1208 1368 Sed
1227 1327 1315 1388 quum
1336 1308 1366 1368 in
1387 1310 1449 1370 ori-

230 1392 322 1472 ginali
339 1394 436 1454 Berlae
454 1393 522 1454 talia
541 1415 684 1473 expressa
700 1417 758 1476 non
775 1396 843 1469 sint,
868 1405 896 1456 et
911 1394 976 1458 Joh.
993 1396 1035 1470 6.,
1053 1393 1103 1454 ubi
1128 1413 1177 1454 res
1201 1407 1286 1472 gesta
1310 1396 1448 1474 traditur,

157 1521 161 1528 -
223 1481 318 1556 ,fatena
333 1486 362 1540 in
378 1486 531 1561 propinquo
547 1485 662 1560 partina,
679 1483 801 1558 ditatur,
826 1483 1032 1560 ambigendum
1053 1480 1110 1540 sibi
1128 1489 1209 1560 putat
1227 1482 1317 1543 aaa.
1339 1483 1420 1545 llos
1433 1523 1447 1534 -

231 1565 341 1646 ninia
352 1587 368 1624 n
379 1585 423 1627 us
441 1570 474 1627 ale
489 1575 559 1646 erig.
574 1571 671 1644 fretae.
690 1573 841 1632 cartarum.
858 1573 899 1630 erl.
919 1576 961 1643 11,
976 1568 1066 1630 1612.
1085 1567 1181 1644 Certe,
1199 1589 1286 1648 quum
1304 1568 1336 1630 in
1350 1571 1449 1630 earni-

232 1656 287 1712 bns
306 1653 500 1730 (intimarum,
519 1655 687 1716 Latinorum
707 1667 734 1717 et
751 1658 890 1738 Syrorum
909 1657 1121 1738 primaerarum
1139 1657 1343 1729 sermonibus,
1371 1678 1448 1738 ques

232 1738 396 1819 epiphaniis
413 1739 441 1800 in
460 1741 600 1802 concinne
618 1743 763 1814 dixerant,
780 1743 900 1804 istarum
919 1745 1048 1824 quinque
1069 1741 1190 1804 millium
1207 1764 1259 1802 nee
1278 1741 1374 1804 roiam
1401 1746 1448 1806 vi-

215 1826 322 1886 'ierim
339 1847 393 1887 nee
411 1828 576 1907 vestigium,
594 1840 625 1891 ut
643 1829 806 1910 epiphaniis
822 1830 944 1894 istarum
961 1850 1052 1892 eausa
1068 1828 1164 1890 feriati
1190 1837 1304 1892 veteres
1329 1832 1449 1909 luerint,

229 1911 473 1994 jure‘meritnque
490 1935 633 1977 veremur.
