2916 4904
572 1 837 51 emesenus·

352 233 761 338 ebeotootoe'
816 224 843 250 ²*

505 459 508 467 .
582 403 749 468 OAMBRtr

41 1232 596 1367 loach.}lildebrendi
620 1237 674 1326 de
699 1235 847 1326 diebus
872 1235 993 1328 sestis
1017 1239 1253 1363 libellus*).

123 1493 179 1559 De
201 1494 383 1556 sabbato.
427 1492 457 1576 ᾗ.
483 1494 513 1558 1.
558 1495 735 1578 Quanquam
757 1495 932 1579 principium
952 1497 1029 1580 juris
1053 1508 1178 1564 naturae
1198 1501 1254 1566 sit:

42 1581 118 1644 Deus
135 1590 183 1644 est
197 1578 358 1668 colendus,
377 1589 406 1643 et
425 1583 528 1646 ruodus
545 1582 638 1646 Deum
658 1593 737 1647 reete
753 1584 883 1663 colendi,
900 1595 987 1667 prout
1002 1588 1039 1648 ad
1055 1587 1180 1653 salutem
1198 1611 1254 1654 ex·

43 1669 131 1750 pedit,
155 1690 194 1732 ex
211 1668 267 1731 Dei
284 1668 465 1733 revelatione
481 1669 660 1736 innotescat:
678 1681 776 1734 certus
793 1683 889 1736 maren
906 1673 980 1752 dies,
998 1695 1056 1756 quo
1076 1673 1174 1741 cultus
1189 1677 1254 1742 Deo

43 1756 149 1820 debitus
166 1767 335 1838 peragatur,
362 1778 417 1820 nec
430 1758 498 1842 jure
514 1759 639 1822 naturali
656 1774 714 1822 nec'
723 1761 791 1843 jure
806 1760 914 1839 divino,
937 1763 1016 1843 qued
1033 1763 1148 1845 quidem
1165 1766 1255 1830 ctri-

45 1845 147 1908 stianes
167 1843 198 1906 in
214 1845 253 1908 tt.
270 1844 309 1908 T.
327 1845 447 1925 obliget,
465 1843 551 1908 ullibi
569 1847 716 1912 delinitur.
761 1848 795 1909 ln
811 1849 847 1914 v.
866 1849 905 1911 Τ.
924 1849 1007 1912 Deus
1024 1851 1094 1933 jure
1116 1853 1253 1934 positivo,

46 1933 112 2012 quod
130 1951 224 1996 uuum
243 1932 388 2012 decalogo
405 1925 528 1996 inditum
545 1941 592 1998 est
609 1933 728 2019 (nempe
746 1945 933 2019 praeceptum
953 1937 1083 2022 tertium)
1107 1940 1183 2002 diem
1201 1929 1272 2003 se-'

46 2019 156 2097 ptionnur
173 2019 221 2082 nel
243 2021 396 2082 saonam·
418 2020 475 2083 sibi
494 2021 615 2086 colendo
639 2023 843 2102 destinaverat,
868 2025 934 2087 ideo
959 2027 1035 2108 quod
1053 2029 1161 2090 mundo
1178 2027 1256 2093 iutra

48 2108 161 2184 primum
177 2095 351 2189 ἕξιεήμεροιι
366 2108 483 2172 condito
499 2111 660 2192 quievisset
675 2111 772 2176 Exed.
786 2111 841 2186 20,
860 2116 890 2175 tl.
936 2113 1053 2192 Verum,
1070 2123 1102 2176 ut
1118 2115 1189 2194 dixi,
1205 2116 1256 2181 lex

48 2193 109 2257 baec
133 2194 260 2278 positiva
285 2205 357 2273 eret,
379 2217 456 2278 quae
479 2219 538 2260 una
560 2219 626 2262 oum
647 2197 761 2281 reliqua
782 2199 918 2263 Mosaios
946 2198 1123 2281 legoberto
1145 2214 1255 2268 cessat.

50 2313 81 2330 ·-
102 2282 130 2366 b.
149 2284 180 2344 2.
225 2281 422 2347 Nihilominus
438 2285 580 2368 Apostoli,
604 2296 635 2348 nt
654 2287 684 2347 in
705 2287 831 2350 caeteris
850 2308 1002 2351 sacrorum
1025 2289 1140 2367 ritibus,
1159 2291 1203 2354 sic
1226 2303 1256 2354 et

51 2366 75 2427 in
93 2371 212 2432 sabbato
233 2369 374 2450 colendo,
396 2393 463 2436 eum
483 2373 604 2438 ludaeis
624 2373 805 2454 aliquamdiu
834 2396 901 2440 sese
924 2375 1161 2456 conformarent,
1187 2377 1254 2439 ideo

19 2455 20 2470 ¹
53 2474 85 2516 ue
103 2456 218 2518 ludaeis
234 2460 439 2522 convertendis
459 2458 601 2524 seandalo
623 2469 732 2536 esseut,
754 2471 783 2523 et
803 2469 835 2520 ut
852 2479 1036 2540 synagogam
1060 2483 1126 2524 cum
1148 2461 1255 2525 ritibus

53 2542 103 2606 onis
125 2564 144 2606 a
165 2565 231 2607 vero
253 2547 319 2608 lleo
347 2546 493 2610 eonditum
516 2567 574 2608 non
603 2544 697 2607 instar
726 2545 840 2611 delubri
862 2545 1006 2608 idolorum
1029 2547 1127 2625 subito
1148 2549 1255 2612 abole-

53 2641 117 2708 rent,
140 2634 192 2695 sed
214 2633 354 2710 honeste,
383 2643 551 2697 reverenter
581 2643 611 2696 et
642 2632 815 2716 pedetentim
842 2631 1011 2714 sepelirent.
1054 2636 1205 2700 Paulus
1225 2647 1255 2702 et

52 2716 243 2782 barnabas
265 2741 449 2804 synagogam
467 2720 596 2804 ingressi
618 2733 647 2784 et
664 2742 683 2782 n
702 2721 857 2803 proselytis
876 2722 971 2803 rogati
990 2721 1022 2784 in
1040 2745 1149 2808 inagna
1165 2725 1254 2789 audi-

53 2812 128 2870 torum
151 2809 318 2890 frequentia
348 2809 513 2872 concionati
535 2809 675 2890 leguntur
704 2811 765 2872 det.
790 2811 840 2890 1³,
866 2813 914 2872 ld.
958 2810 1100 2894 Similiter
1129 2816 1253 2877 sabbato
1286 2841 1291 2857 .

52 2890 190 2958 Paulus
210 2905 242 2957 et
262 2895 372 2959 Silas
396 2908 479 2960 extra
502 2899 604 2960 urbem
630 2896 716 2980 juxta
737 2897 843 2960 dunen
867 2918 934 2960 euna
958 2899 1081 2960 caeteris
1105 2900 1254 2965 Christia-

53 2979 84 3042 ris
105 2982 223 3065 egressi
245 2992 273 3046 et
295 2985 418 3048 sabbato
445 2984 566 3066 publica
594 3005 682 3047 serora
709 2991 851 3063 tractasse
877 2985 1014 3048 dicuutur
1035 2987 1099 3048 det.
1126 2985 1179 3064 16,
1203 2991 1252 3052 13.

53 3066 135 3144 tutet
156 3091 266 3134 morem
288 3070 368 3136 hune
390 3071 567 3144 Christianis
590 3093 772 3136 communem
796 3072 901 3149 luisse,
918 3082 951 3134 ut
967 3073 1092 3136 sabbato
1110 3076 1148 3136 ad
1167 3073 1254 3136 scau-

52 3161 164 3232 perdum
193 3177 310 3240 panem,
338 3161 368 3224 ba
393 3181 420 3222 e.
451 3160 499 3246 (ut
521 3161 616 3241 Syrus
645 3161 789 3242 interpres
820 3159 958 3239 reddidit)
981 3163 1018 3223 ad
1045 3161 1253 3226 celebrandam

53 3245 246 3310 eucharistiam
266 3246 465 3324 convenerint,
485 3270 522 3311 ex
539 3249 604 3312 Act.
619 3245 673 3325 ab,
691 3249 722 3310 7.
746 3255 870 3312 constet.
913 3245 1061 3310 Fecerunt
1083 3259 1179 3314 auteur
1196 3251 1254 3313 boc

52 3329 168 3411 lomenti
187 3333 237 3397 vix
254 3333 325 3398 alibi
343 3333 400 3398 uisi
419 3335 495 3398 inter
511 3335 640 3398 ludaeos
659 3353 831 3416 conversos,
851 3337 903 3401 sed
924 3335 1059 3417 exemplo
1079 3357 1134 3400 suo
1152 3337 1254 3401 ecele-

53 3417 107 3484 ιίιιι
125 3421 282 3503 gentilium
298 3423 422 3486 sabbato
439 3422 607 3486 adstrictam
624 3421 792 3486 noluerunt.
836 3423 881 3489 tte
907 3421 982 3484 enirn
1009 3443 1152 3503 expresse
1171 3425 1254 3506 Apo-

53 3507 127 3573 ortus
157 3509 224 3574 Col.
253 3509 291 3588 2,
317 3512 365 3574 16.
432 3517 539 3588 Nemo,
569 3509 679 3591 inquit,
708 3532 760 3573 oes
783 3513 889 3589 judicet
914 3512 948 3571 de
978 3511 1073 3572 diebos
1101 3513 1182 3586 fertis
1210 3515 1255 3576 erl

53 3601 188 3660 notente
212 3600 256 3660 cel
285 3599 319 3659 de
347 3601 489 3672 sabbatis,
529 3619 600 3687 qaue
628 3609 709 3663 eront
737 3601 851 3660 ombroe
879 3601 1049 3674 futororum.
1084 3631 1125 3644 -
1163 3597 1191 3680 ξ.
1223 3600 1255 3664 3.

54 3676 106 3748 Post
128 3694 261 3768 tempore
278 3675 482 3768 dpostolomin
499 3684 662 3750 Christiani
689 3684 856 3762 orientales,
873 3683 943 3748 licet
963 3683 1039 3754 dieru
1057 3682 1131 3748 solis
1149 3686 1253 3749 nobis-

55 3785 102 3832 oon
131 3773 285 3836 solennem
315 3773 471 3852 duxerint,
499 3772 657 3837 ex‘reteri
687 3782 783 3836 tanuen
814 3773 872 3836 ritu
901 3771 933 3834 iu
960 3773 1038 3834 bone
1061 3793 1156 3856 usque
1177 3773 1254 3838 den

55 3851 147 3939 aliquid
181 3857 366 3924 solennitatis
399 3859 431 3922 in
463 3863 618 3924 sabbatum
648 3861 813 3922 conieruut.
856 3860 951 3922 Docet
987 3879 1042 3921 uos
1072 3861 1127 3922 boe
1157 3859 1254 3942 ipsum

57 3939 260 4030 Gregorius
281 3949 403 4030 Nyso,
426 3948 557 4030 quisce.
575 3943 703 4029 teporo
721 3949 790 4011 cnr.
805 3967 835 4008 ιι.
857 3946 930 4010 vixit
952 3957 981 4009 et
1002 3946 1033 4008 in
1054 3958 1128 4011 orat.
1152 3960 1256 4012 contra

58 4047 100 4109 tte,
118 4033 171 4117 qui
193 4055 338 4099 censuras
360 4056 451 4118 aegre
479 4035 587 4112 lerunt,
608 4035 653 4097 eie
669 4034 792 4097 scribite
825 4037 929 4110 Qntbes
958 4038 1046 4097 oerrttr
1066 4039 1140 4098 diem
1160 4038 1254 4099 domt-

58 4121 127 4184 titerr
149 4125 289 4206 odepime,
320 4131 369 4206 qui
400 4126 546 4188 sublatens
567 4123 759 4186 dedecorasti?
803 4125 1125 4200 nunnamenster
1149 4125 1256 4198 fratres

59 4223 182 4275 wnunos
203 4231 263 4274 esee
285 4221 312 4273 et
331 4234 394 4276 eone
416 4218 447 4274 tn
468 4215 590 4276 alteram
609 4231 723 4292 pecces,
752 4216 836 4272 etiem
864 4216 895 4272 ie
916 4211 1035 4274 staron
1052 4213 1175 4290 injurios
1194 4213 1255 4273 er.“

61 4288 119 4366 loir
140 4309 169 4362 et
199 4297 274 4362 inter
296 4319 442 4393 canones,
474 4299 525 4381 qui
551 4298 705 4382 apostolici
731 4297 886 4378 dieantur,
913 4318 1025 4362 canone
1046 4300 1098 4361 tte.
1129 4295 1264 4359 eleriens'

60 4415 352 4446 Ἢ--ι-ιιι-ι-ι

112 4503 135 4573 *l
152 4505 252 4561 rrottte
269 4508 378 4576 primurn
396 4505 504 4564 llelmtt.
527 4510 610 4580 17013
626 4523 681 4564 ree.
702 4505 765 4560 ibid.
788 4505 855 4564 1718
873 4511 900 4557 et
921 4509 996 4558 1722.
1015 4501 1043 4554 t.

100 4597 351 4654 litemdunitnrhrto.
364 4601 414 4648 bn
456 4585 461 4596 '
577 4649 579 4652 ¹
1034 4585 1052 4643 1
