<?xml version="1.0" encoding="UTF-8"?>
<!DOCTYPE html PUBLIC "-//W3C//DTD XHTML 1.0 Transitional//EN"
    "http://www.w3.org/TR/xhtml1/DTD/xhtml1-transitional.dtd">
<html xmlns="http://www.w3.org/1999/xhtml" xml:lang="en" lang="en">
 <head>
  <title>
</title>
<meta http-equiv="Content-Type" content="text/html;charset=utf-8" />
  <meta name='ocr-system' content='tesseract 3.04.00' />
  <meta name='ocr-capabilities' content='ocr_page ocr_carea ocr_par ocr_line ocrx_word'/>
</head>
<body>
  <div class='ocr_page' id='page_1' title='image "./missing/thesauruscommen01volbgoog/thesauruscommen01volbgoog_0081.png"; bbox 0 0 2916 4904; ppageno 0'>
   <div class='ocr_carea' id='block_1_1' title="bbox 197 240 1126 366">
    <p class='ocr_par' dir='ltr' id='par_1_1' title="bbox 197 240 1126 366">
     <span class='ocr_line' id='line_1_1' title="bbox 197 240 1126 366; baseline -0.002 -30"><span class='ocrx_word' id='word_1_1' title='bbox 197 274 241 338; x_wconf 87' lang='lat' dir='ltr'><strong>eo</strong></span> <span class='ocrx_word' id='word_1_2' title='bbox 657 271 692 335; x_wconf 92' lang='lat' dir='ltr'><strong>c.</strong></span> <span class='ocrx_word' id='word_1_3' title='bbox 715 240 813 336; x_wconf 79' lang='lat' dir='ltr'><strong>en.</strong></span> <span class='ocrx_word' id='word_1_4' title='bbox 834 269 956 334; x_wconf 71' lang='lat' dir='ltr'><strong>erano</strong></span> <span class='ocrx_word' id='word_1_5' title='bbox 1053 319 1057 326; x_wconf 92' lang='lat'>.</span> <span class='ocrx_word' id='word_1_6' title='bbox 1122 357 1126 366; x_wconf 27' lang='grc' dir='ltr'>Ι</span> 
     </span>
    </p>
   </div>
   <div class='ocr_carea' id='block_1_2' title="bbox 195 413 1431 614">
    <p class='ocr_par' dir='ltr' id='par_1_2' title="bbox 195 413 1431 614">
     <span class='ocr_line' id='line_1_2' title="bbox 197 413 1431 525; baseline 0.003 -21"><span class='ocrx_word' id='word_1_7' title='bbox 197 441 249 504; x_wconf 88' lang='lat' dir='ltr'><strong>tuti</strong></span> <span class='ocrx_word' id='word_1_8' title='bbox 265 451 333 504; x_wconf 86' lang='lat' dir='ltr'><strong>sunt</strong></span> <span class='ocrx_word' id='word_1_9' title='bbox 347 442 402 506; x_wconf 85' lang='lat' dir='ltr'><strong>riri</strong></span> <span class='ocrx_word' id='word_1_10' title='bbox 420 413 513 522; x_wconf 84' lang='lat' dir='ltr'><strong>docti,</strong></span> <span class='ocrx_word' id='word_1_11' title='bbox 530 447 568 506; x_wconf 94' lang='lat' dir='ltr'><strong>ad</strong></span> <span class='ocrx_word' id='word_1_12' title='bbox 584 463 673 504; x_wconf 90' lang='lat' dir='ltr'><strong>uuum</strong></span> <span class='ocrx_word' id='word_1_13' title='bbox 689 451 973 525; x_wconf 37' lang='lat' dir='ltr'><strong>omnes„quantum</strong></span> <span class='ocrx_word' id='word_1_14' title='bbox 990 442 1069 519; x_wconf 88' lang='lat' dir='ltr'><strong>scio,</strong></span> <span class='ocrx_word' id='word_1_15' title='bbox 1084 443 1182 507; x_wconf 85' lang='lat' dir='ltr'><strong>Jesnnr</strong></span> <span class='ocrx_word' id='word_1_16' title='bbox 1199 442 1365 522; x_wconf 73' lang='lat' dir='ltr'>Christum,</span> <span class='ocrx_word' id='word_1_17' title='bbox 1389 455 1431 508; x_wconf 89' lang='lat' dir='ltr'><strong>ut</strong></span> 
     </span>
     <span class='ocr_line' id='line_1_3' title="bbox 195 529 1426 614; baseline 0.002 -21"><span class='ocrx_word' id='word_1_18' title='bbox 195 531 244 593; x_wconf 91' lang='lat' dir='ltr'><strong>lric</strong></span> <span class='ocrx_word' id='word_1_19' title='bbox 260 531 307 594; x_wconf 82' lang='lat' dir='ltr'><strong>vel</strong></span> <span class='ocrx_word' id='word_1_20' title='bbox 323 531 373 593; x_wconf 90' lang='lat' dir='ltr'><strong>ille</strong></span> <span class='ocrx_word' id='word_1_21' title='bbox 391 531 452 593; x_wconf 87' lang='lat' dir='ltr'><strong>dies</strong></span> <span class='ocrx_word' id='word_1_22' title='bbox 470 551 540 614; x_wconf 89' lang='lat' dir='ltr'><strong>prae</strong></span> <span class='ocrx_word' id='word_1_23' title='bbox 557 529 624 592; x_wconf 88' lang='lat' dir='ltr'><strong>aliis</strong></span> <span class='ocrx_word' id='word_1_24' title='bbox 638 529 797 594; x_wconf 77' lang='lat' dir='ltr'>haberetur</span> <span class='ocrx_word' id='word_1_25' title='bbox 814 542 945 607; x_wconf 90' lang='lat' dir='ltr'><strong>sanctus,</strong></span> <span class='ocrx_word' id='word_1_26' title='bbox 962 551 1020 592; x_wconf 90' lang='lat' dir='ltr'><strong>non</strong></span> <span class='ocrx_word' id='word_1_27' title='bbox 1039 531 1241 612; x_wconf 76' lang='lat' dir='ltr'><strong>praecepisse,</strong></span> <span class='ocrx_word' id='word_1_28' title='bbox 1259 530 1426 596; x_wconf 78' lang='lat' dir='ltr'><strong>affirmant.</strong></span> 
     </span>
    </p>
   </div>
   <div class='ocr_carea' id='block_1_3' title="bbox 95 615 1455 964">
    <p class='ocr_par' dir='ltr' id='par_1_3' title="bbox 95 615 1455 964">
     <span class='ocr_line' id='line_1_4' title="bbox 95 615 1455 702; baseline 0 -22"><span class='ocrx_word' id='word_1_29' title='bbox 95 617 97 622; x_wconf 68' lang='grc'><strong>’</strong></span> <span class='ocrx_word' id='word_1_30' title='bbox 195 617 234 680; x_wconf 84' lang='lat' dir='ltr'><strong>Et</strong></span> <span class='ocrx_word' id='word_1_31' title='bbox 250 627 329 680; x_wconf 91' lang='lat' dir='ltr'><strong>recte</strong></span> <span class='ocrx_word' id='word_1_32' title='bbox 348 619 473 700; x_wconf 91' lang='lat' dir='ltr'><strong>quidem.</strong></span> <span class='ocrx_word' id='word_1_33' title='bbox 507 618 579 680; x_wconf 90' lang='lat' dir='ltr'><strong>Nam</strong></span> <span class='ocrx_word' id='word_1_34' title='bbox 599 618 653 680; x_wconf 89' lang='lat' dir='ltr'><strong>etsi</strong></span> <span class='ocrx_word' id='word_1_35' title='bbox 671 615 731 698; x_wconf 92' lang='lat' dir='ltr'><strong>ille,</strong></span> <span class='ocrx_word' id='word_1_36' title='bbox 748 629 780 681; x_wconf 90' lang='lat' dir='ltr'><strong>nt</strong></span> <span class='ocrx_word' id='word_1_37' title='bbox 797 618 928 700; x_wconf 78' lang='lat' dir='ltr'><strong>Apostoli</strong></span> <span class='ocrx_word' id='word_1_38' title='bbox 947 621 1082 696; x_wconf 89' lang='lat' dir='ltr'><strong>tradunt,</strong></span> <span class='ocrx_word' id='word_1_39' title='bbox 1100 640 1160 680; x_wconf 88' lang='lat' dir='ltr'><strong>naa</strong></span> <span class='ocrx_word' id='word_1_40' title='bbox 1174 639 1239 681; x_wconf 91' lang='lat' dir='ltr'><strong>cnm</strong></span> <span class='ocrx_word' id='word_1_41' title='bbox 1256 619 1426 702; x_wconf 83' lang='lat' dir='ltr'>discipulis</span> <span class='ocrx_word' id='word_1_42' title='bbox 1454 669 1455 674; x_wconf 30' lang='lat'>1</span> 
     </span>
     <span class='ocr_line' id='line_1_5' title="bbox 195 705 1455 788; baseline 0.002 -20"><span class='ocrx_word' id='word_1_43' title='bbox 195 725 297 768; x_wconf 88' lang='lat' dir='ltr'><strong>sacros</strong></span> <span class='ocrx_word' id='word_1_44' title='bbox 312 708 487 768; x_wconf 86' lang='lat' dir='ltr'><strong>ludaeorum</strong></span> <span class='ocrx_word' id='word_1_45' title='bbox 505 716 664 768; x_wconf 86' lang='lat' dir='ltr'><strong>conventus</strong></span> <span class='ocrx_word' id='word_1_46' title='bbox 687 706 806 788; x_wconf 85' lang='lat' dir='ltr'><strong>saepius</strong></span> <span class='ocrx_word' id='word_1_47' title='bbox 822 705 1040 788; x_wconf 66' lang='lat' dir='ltr'><strong>frequentavit,</strong></span> <span class='ocrx_word' id='word_1_48' title='bbox 1066 716 1160 768; x_wconf 89' lang='lat' dir='ltr'><strong>tamen</strong></span> <span class='ocrx_word' id='word_1_49' title='bbox 1177 707 1234 768; x_wconf 90' lang='lat' dir='ltr'><strong>hoc</strong></span> <span class='ocrx_word' id='word_1_50' title='bbox 1251 727 1285 770; x_wconf 92' lang='lat' dir='ltr'><strong>eo</strong></span> <span class='ocrx_word' id='word_1_51' title='bbox 1302 717 1426 770; x_wconf 87' lang='lat' dir='ltr'><strong>tantum</strong></span> <span class='ocrx_word' id='word_1_52' title='bbox 1454 717 1455 728; x_wconf 60' lang='lat'>¹</span> 
     </span>
     <span class='ocr_line' id='line_1_6' title="bbox 194 791 1455 874; baseline 0 -18"><span class='ocrx_word' id='word_1_53' title='bbox 194 793 265 856; x_wconf 84' lang='lat' dir='ltr'><strong>fecit</strong></span> <span class='ocrx_word' id='word_1_54' title='bbox 282 793 414 866; x_wconf 91' lang='lat' dir='ltr'><strong>consilio,</strong></span> <span class='ocrx_word' id='word_1_55' title='bbox 430 804 462 854; x_wconf 93' lang='lat' dir='ltr'><strong>ut</strong></span> <span class='ocrx_word' id='word_1_56' title='bbox 480 792 674 874; x_wconf 90' lang='lat' dir='ltr'><strong>popularium,</strong></span> <span class='ocrx_word' id='word_1_57' title='bbox 691 797 727 855; x_wconf 89' lang='lat' dir='ltr'><strong>ab</strong></span> <span class='ocrx_word' id='word_1_58' title='bbox 748 791 847 856; x_wconf 77' lang='lat' dir='ltr'><strong>eoru&#39;m</strong></span> <span class='ocrx_word' id='word_1_59' title='bbox 864 793 1075 862; x_wconf 83' lang='lat' dir='ltr'><strong>consuetudine</strong></span> <span class='ocrx_word' id='word_1_60' title='bbox 1092 815 1151 855; x_wconf 92' lang='lat' dir='ltr'><strong>non</strong></span> <span class='ocrx_word' id='word_1_61' title='bbox 1165 797 1317 872; x_wconf 83' lang='lat' dir='ltr'><strong>recedens,</strong></span> <span class='ocrx_word' id='word_1_62' title='bbox 1336 795 1427 857; x_wconf 85' lang='lat' dir='ltr'><strong>effu·</strong></span> <span class='ocrx_word' id='word_1_63' title='bbox 1454 791 1455 856; x_wconf 66' lang='lat' dir='ltr'>i</span> 
     </span>
     <span class='ocr_line' id='line_1_7' title="bbox 193 879 1455 964; baseline 0.002 -22"><span class='ocrx_word' id='word_1_64' title='bbox 193 891 279 962; x_wconf 76' lang='lat' dir='ltr'><strong>geret</strong></span> <span class='ocrx_word' id='word_1_65' title='bbox 294 881 482 951; x_wconf 81' lang='lat' dir='ltr'><strong>offensionem</strong></span> <span class='ocrx_word' id='word_1_66' title='bbox 499 881 683 962; x_wconf 79' lang='lat' dir='ltr'><strong>haberetque</strong></span> <span class='ocrx_word' id='word_1_67' title='bbox 694 902 766 943; x_wconf 89' lang='lat' dir='ltr'><strong>suae</strong></span> <span class='ocrx_word' id='word_1_68' title='bbox 783 881 931 944; x_wconf 86' lang='lat' dir='ltr'><strong>doctrinae</strong></span> <span class='ocrx_word' id='word_1_69' title='bbox 948 902 1046 942; x_wconf 87' lang='lat' dir='ltr'><strong>coram</strong></span> <span class='ocrx_word' id='word_1_70' title='bbox 1064 879 1179 958; x_wconf 91' lang='lat' dir='ltr'><strong>moltis,</strong></span> <span class='ocrx_word' id='word_1_71' title='bbox 1197 881 1246 964; x_wconf 82' lang='lat' dir='ltr'><strong>qni</strong></span> <span class='ocrx_word' id='word_1_72' title='bbox 1263 903 1298 944; x_wconf 89' lang='lat' dir='ltr'><strong>ex</strong></span> <span class='ocrx_word' id='word_1_73' title='bbox 1317 884 1427 944; x_wconf 87' lang='lat' dir='ltr'><strong>omni·</strong></span> <span class='ocrx_word' id='word_1_74' title='bbox 1454 887 1455 944; x_wconf 71' lang='grc' dir='ltr'>ξ</span> 
     </span>
    </p>
   </div>
   <div class='ocr_carea' id='block_1_4' title="bbox 189 966 1427 1140">
    <p class='ocr_par' dir='ltr' id='par_1_4' title="bbox 189 966 1427 1140">
     <span class='ocr_line' id='line_1_8' title="bbox 189 966 1427 1051; baseline 0.003 -21"><span class='ocrx_word' id='word_1_75' title='bbox 189 969 380 1048; x_wconf 58' lang='lat' dir='ltr'><strong>buscemani</strong></span> <span class='ocrx_word' id='word_1_76' title='bbox 397 967 511 1050; x_wconf 85' lang='lat' dir='ltr'><strong>imperii</strong></span> <span class='ocrx_word' id='word_1_77' title='bbox 523 967 681 1049; x_wconf 81' lang='lat' dir='ltr'><strong>provinciis</strong></span> <span class='ocrx_word' id='word_1_78' title='bbox 696 971 732 1030; x_wconf 90' lang='lat' dir='ltr'><strong>nd</strong></span> <span class='ocrx_word' id='word_1_79' title='bbox 749 966 885 1048; x_wconf 85' lang='lat' dir='ltr'><strong>templum</strong></span> <span class='ocrx_word' id='word_1_80' title='bbox 892 968 1190 1050; x_wconf 78' lang='lat' dir='ltr'><strong>Hierosolymitannrn</strong></span> <span class='ocrx_word' id='word_1_81' title='bbox 1204 971 1319 1051; x_wconf 86' lang='lat' dir='ltr'><strong>pasclra</strong></span> <span class='ocrx_word' id='word_1_82' title='bbox 1332 971 1427 1034; x_wconf 85' lang='lat' dir='ltr'><strong>eele-</strong></span> 
     </span>
     <span class='ocr_line' id='line_1_9' title="bbox 193 1055 1424 1140; baseline 0.002 -24"><span class='ocrx_word' id='word_1_83' title='bbox 193 1055 305 1116; x_wconf 87' lang='lat' dir='ltr'><strong>braturi</strong></span> <span class='ocrx_word' id='word_1_84' title='bbox 322 1055 521 1134; x_wconf 75' lang='lat' dir='ltr'><strong>conpolarunt,</strong></span> <span class='ocrx_word' id='word_1_85' title='bbox 533 1059 725 1136; x_wconf 82' lang='lat' dir='ltr'><strong>exponendae</strong></span> <span class='ocrx_word' id='word_1_86' title='bbox 742 1057 994 1136; x_wconf 78' lang='lat' dir='ltr'><strong>opportunitatem.</strong></span> <span class='ocrx_word' id='word_1_87' title='bbox 1021 1057 1107 1133; x_wconf 78' lang='lat' dir='ltr'><strong>Quod</strong></span> <span class='ocrx_word' id='word_1_88' title='bbox 1124 1057 1256 1140; x_wconf 77' lang='lat' dir='ltr'><strong>inprimis</strong></span> <span class='ocrx_word' id='word_1_89' title='bbox 1274 1077 1310 1118; x_wconf 91' lang='lat' dir='ltr'><strong>ex</strong></span> <span class='ocrx_word' id='word_1_90' title='bbox 1328 1059 1424 1139; x_wconf 88' lang='lat' dir='ltr'><strong>ejus-</strong></span> 
     </span>
    </p>
   </div>
   <div class='ocr_carea' id='block_1_5' title="bbox 194 1141 1455 1234">
    <p class='ocr_par' dir='ltr' id='par_1_5' title="bbox 194 1141 1455 1234">
     <span class='ocr_line' id='line_1_10' title="bbox 194 1141 1455 1234; baseline 0.005 -31"><span class='ocrx_word' id='word_1_91' title='bbox 194 1145 258 1204; x_wconf 91' lang='lat' dir='ltr'><strong>dem</strong></span> <span class='ocrx_word' id='word_1_92' title='bbox 282 1141 381 1221; x_wconf 74' lang='lat' dir='ltr'><strong>dictis‘,</strong></span> <span class='ocrx_word' id='word_1_93' title='bbox 398 1143 522 1224; x_wconf 56' lang='lat' dir='ltr'><strong>»quibus</strong></span> <span class='ocrx_word' id='word_1_94' title='bbox 553 1165 635 1204; x_wconf 90' lang='lat' dir='ltr'><strong>suam</strong></span> <span class='ocrx_word' id='word_1_95' title='bbox 660 1165 726 1204; x_wconf 89' lang='lat' dir='ltr'><strong>curn</strong></span> <span class='ocrx_word' id='word_1_96' title='bbox 752 1143 868 1223; x_wconf 80' lang='lat' dir='ltr'><strong>legibus</strong></span> <span class='ocrx_word' id='word_1_97' title='bbox 893 1143 1030 1205; x_wconf 82' lang='lat' dir='ltr'><strong>mosaicis</strong></span> <span class='ocrx_word' id='word_1_98' title='bbox 1057 1151 1205 1224; x_wconf 85' lang='lat' dir='ltr'><strong>comparat</strong></span> <span class='ocrx_word' id='word_1_99' title='bbox 1228 1143 1426 1225; x_wconf 76' lang='lat' dir='ltr'><strong>religionem,</strong></span> <span class='ocrx_word' id='word_1_100' title='bbox 1454 1223 1455 1234; x_wconf 10' lang='grc' dir='ltr'>ἵ</span> 
     </span>
    </p>
   </div>
   <div class='ocr_carea' id='block_1_6' title="bbox 187 1229 1424 1402">
    <p class='ocr_par' dir='ltr' id='par_1_6' title="bbox 187 1229 1424 1402">
     <span class='ocr_line' id='line_1_11' title="bbox 191 1229 1424 1314; baseline 0.005 -24"><span class='ocrx_word' id='word_1_101' title='bbox 191 1229 386 1311; x_wconf 84' lang='lat' dir='ltr'><strong>demonstrari</strong></span> <span class='ocrx_word' id='word_1_102' title='bbox 402 1241 508 1312; x_wconf 89' lang='lat' dir='ltr'><strong>potest.</strong></span> <span class='ocrx_word' id='word_1_103' title='bbox 541 1231 656 1304; x_wconf 79' lang='lat' dir='ltr'><strong>Etenim</strong></span> <span class='ocrx_word' id='word_1_104' title='bbox 671 1231 735 1292; x_wconf 80' lang='lat' dir='ltr'><strong>fore</strong></span> <span class='ocrx_word' id='word_1_105' title='bbox 751 1231 941 1312; x_wconf 77' lang='lat' dir='ltr'><strong>praesagivit,</strong></span> <span class='ocrx_word' id='word_1_106' title='bbox 959 1242 991 1293; x_wconf 93' lang='lat' dir='ltr'><strong>nt</strong></span> <span class='ocrx_word' id='word_1_107' title='bbox 1009 1252 1110 1294; x_wconf 90' lang='lat' dir='ltr'><strong>omnes</strong></span> <span class='ocrx_word' id='word_1_108' title='bbox 1128 1233 1314 1310; x_wconf 79' lang='lat' dir='ltr'><strong>ludaeorum,</strong></span> <span class='ocrx_word' id='word_1_109' title='bbox 1334 1256 1424 1314; x_wconf 85' lang='lat' dir='ltr'><strong>quae</strong></span> 
     </span>
     <span class='ocr_line' id='line_1_12' title="bbox 187 1313 1424 1402; baseline 0.004 -23"><span class='ocrx_word' id='word_1_110' title='bbox 187 1313 397 1389; x_wconf 60' lang='lat' dir='ltr'><strong>&#39;ad‘externnrn</strong></span> <span class='ocrx_word' id='word_1_111' title='bbox 411 1315 471 1379; x_wconf 71' lang='lat' dir='ltr'><strong>‘noi</strong></span> <span class='ocrx_word' id='word_1_112' title='bbox 489 1317 597 1400; x_wconf 87' lang='lat' dir='ltr'><strong>cultum</strong></span> <span class='ocrx_word' id='word_1_113' title='bbox 615 1328 763 1402; x_wconf 85' lang='lat' dir='ltr'><strong>spectant,</strong></span> <span class='ocrx_word' id='word_1_114' title='bbox 794 1318 1016 1380; x_wconf 84' lang='lat' dir='ltr'><strong>constitutiones</strong></span> <span class='ocrx_word' id='word_1_115' title='bbox 1040 1317 1227 1382; x_wconf 83' lang='lat' dir='ltr'><strong>abolerentur</strong></span> <span class='ocrx_word' id='word_1_116' title='bbox 1246 1333 1424 1402; x_wconf 82' lang='lat' dir='ltr'><strong>numenque</strong></span> 
     </span>
    </p>
   </div>
   <div class='ocr_carea' id='block_1_7' title="bbox 104 1399 1455 1660">
    <p class='ocr_par' dir='ltr' id='par_1_7' title="bbox 104 1399 1455 1660">
     <span class='ocr_line' id='line_1_13' title="bbox 184 1399 1455 1490; baseline 0.003 -23"><span class='ocrx_word' id='word_1_117' title='bbox 184 1401 397 1490; x_wconf 39' lang='lat' dir='ltr'><strong>sssnpremum&#39;a</strong></span> <span class='ocrx_word' id='word_1_118' title='bbox 414 1405 589 1466; x_wconf 86' lang='lat' dir='ltr'><strong>Christianis</strong></span> <span class='ocrx_word' id='word_1_119' title='bbox 608 1405 669 1467; x_wconf 85' lang='lat' dir='ltr'><strong>reri</strong></span> <span class='ocrx_word' id='word_1_120' title='bbox 685 1405 812 1466; x_wconf 92' lang='lat' dir='ltr'><strong>nominis</strong></span> <span class='ocrx_word' id='word_1_121' title='bbox 829 1403 862 1465; x_wconf 75' lang='grc' dir='ltr'><strong>ἐν</strong></span> <span class='ocrx_word' id='word_1_122' title='bbox 878 1399 1033 1482; x_wconf 74' lang='grc' dir='ltr'><strong>πνεύματι</strong></span> <span class='ocrx_word' id='word_1_123' title='bbox 1049 1406 1097 1468; x_wconf 77' lang='grc' dir='ltr'><strong>καὶ</strong></span> <span class='ocrx_word' id='word_1_124' title='bbox 1111 1399 1250 1489; x_wconf 75' lang='grc' dir='ltr'><em>ἀληθείᾳ</em></span> <span class='ocrx_word' id='word_1_125' title='bbox 1268 1405 1426 1470; x_wconf 88' lang='lat' dir='ltr'><strong>coleretur</strong></span> <span class='ocrx_word' id='word_1_126' title='bbox 1452 1435 1455 1488; x_wconf 53' lang='lat'><strong>4</strong></span> 
     </span>
     <span class='ocr_line' id='line_1_14' title="bbox 184 1489 1455 1576; baseline 0.005 -23"><span class='ocrx_word' id='word_1_127' title='bbox 184 1493 249 1576; x_wconf 67' lang='lat' dir='ltr'><strong>fleti</strong></span> <span class='ocrx_word' id='word_1_128' title='bbox 270 1491 450 1572; x_wconf 22' lang='lat' dir='ltr'><strong>ent-¹23.</strong></span> <span class='ocrx_word' id='word_1_129' title='bbox 482 1493 549 1554; x_wconf 92' lang='lat' dir='ltr'><strong>Huc</strong></span> <span class='ocrx_word' id='word_1_130' title='bbox 567 1491 695 1568; x_wconf 90' lang='lat' dir='ltr'><strong>accedit,</strong></span> <span class='ocrx_word' id='word_1_131' title='bbox 714 1495 790 1574; x_wconf 87' lang='lat' dir='ltr'><strong>quod</strong></span> <span class='ocrx_word' id='word_1_132' title='bbox 810 1503 836 1554; x_wconf 92' lang='lat' dir='ltr'><strong>et</strong></span> <span class='ocrx_word' id='word_1_133' title='bbox 853 1493 916 1574; x_wconf 92' lang='lat' dir='ltr'><strong>ipse</strong></span> <span class='ocrx_word' id='word_1_134' title='bbox 933 1489 1019 1573; x_wconf 80' lang='lat' dir='ltr'><strong>leges</strong></span> <span class='ocrx_word' id='word_1_135' title='bbox 1037 1497 1072 1555; x_wconf 92' lang='lat' dir='ltr'><strong>de</strong></span> <span class='ocrx_word' id='word_1_136' title='bbox 1085 1494 1198 1556; x_wconf 86' lang='lat' dir='ltr'><strong>sabbati</strong></span> <span class='ocrx_word' id='word_1_137' title='bbox 1217 1495 1424 1559; x_wconf 81' lang='lat' dir='ltr'><strong>celebratione</strong></span> <span class='ocrx_word' id='word_1_138' title='bbox 1454 1519 1455 1574; x_wconf 60' lang='grc' dir='ltr'><strong>ξ</strong></span> 
     </span>
     <span class='ocr_line' id='line_1_15' title="bbox 104 1577 1455 1660; baseline 0.004 -18"><span class='ocrx_word' id='word_1_139' title='bbox 104 1623 107 1642; x_wconf 48' lang='grc' dir='ltr'>ι</span> <span class='ocrx_word' id='word_1_140' title='bbox 193 1577 269 1640; x_wconf 91' lang='lat' dir='ltr'><strong>latas</strong></span> <span class='ocrx_word' id='word_1_141' title='bbox 283 1579 426 1641; x_wconf 87' lang='lat' dir='ltr'><strong>interdum</strong></span> <span class='ocrx_word' id='word_1_142' title='bbox 441 1579 573 1660; x_wconf 77' lang='lat' dir='ltr'><strong>neglexit</strong></span> <span class='ocrx_word' id='word_1_143' title='bbox 586 1592 613 1641; x_wconf 90' lang='lat' dir='ltr'><strong>et</strong></span> <span class='ocrx_word' id='word_1_144' title='bbox 626 1601 698 1641; x_wconf 91' lang='lat' dir='ltr'><strong>snos</strong></span> <span class='ocrx_word' id='word_1_145' title='bbox 710 1580 871 1660; x_wconf 88' lang='lat' dir='ltr'><strong>discipulos</strong></span> <span class='ocrx_word' id='word_1_146' title='bbox 883 1579 1000 1659; x_wconf 75' lang='lat' dir='ltr'><strong>legibus</strong></span> <span class='ocrx_word' id='word_1_147' title='bbox 1011 1579 1094 1642; x_wconf 88' lang='lat' dir='ltr'><strong>lrisce</strong></span> <span class='ocrx_word' id='word_1_148' title='bbox 1106 1603 1163 1642; x_wconf 93' lang='lat' dir='ltr'><strong>non</strong></span> <span class='ocrx_word' id='word_1_149' title='bbox 1175 1583 1329 1644; x_wconf 88' lang='lat' dir='ltr'><strong>adstrictos</strong></span> <span class='ocrx_word' id='word_1_150' title='bbox 1348 1605 1425 1646; x_wconf 89' lang='lat' dir='ltr'><strong>esse</strong></span> <span class='ocrx_word' id='word_1_151' title='bbox 1454 1589 1455 1650; x_wconf 86' lang='lat' dir='ltr'>i</span> 
     </span>
    </p>
   </div>
   <div class='ocr_carea' id='block_1_8' title="bbox 185 1663 1455 1752">
    <p class='ocr_par' dir='ltr' id='par_1_8' title="bbox 185 1663 1455 1752">
     <span class='ocr_line' id='line_1_16' title="bbox 185 1663 1455 1752; baseline 0.004 -22"><span class='ocrx_word' id='word_1_152' title='bbox 185 1667 343 1752; x_wconf 83' lang='lat' dir='ltr'><strong>judicavit,</strong></span> <span class='ocrx_word' id='word_1_153' title='bbox 361 1689 455 1748; x_wconf 88' lang='lat' dir='ltr'><strong>neque</strong></span> <span class='ocrx_word' id='word_1_154' title='bbox 474 1679 568 1729; x_wconf 88' lang='lat' dir='ltr'><strong>tamen</strong></span> <span class='ocrx_word' id='word_1_155' title='bbox 587 1671 704 1730; x_wconf 90' lang='lat' dir='ltr'><strong>eosdem</strong></span> <span class='ocrx_word' id='word_1_156' title='bbox 722 1689 740 1730; x_wconf 92' lang='lat' dir='ltr'><strong>a</strong></span> <span class='ocrx_word' id='word_1_157' title='bbox 756 1667 895 1730; x_wconf 79' lang='lat' dir='ltr'><strong>festorum</strong></span> <span class='ocrx_word' id='word_1_158' title='bbox 914 1668 1025 1730; x_wconf 89' lang='lat' dir='ltr'><strong>dierum</strong></span> <span class='ocrx_word' id='word_1_159' title='bbox 1049 1669 1245 1740; x_wconf 83' lang='lat' dir='ltr'><strong>celebratione</strong></span> <span class='ocrx_word' id='word_1_160' title='bbox 1265 1671 1424 1752; x_wconf 87' lang='lat' dir='ltr'><strong>probibuit</strong></span> <span class='ocrx_word' id='word_1_161' title='bbox 1454 1663 1455 1712; x_wconf 79' lang='lat'>3</span> 
     </span>
    </p>
   </div>
   <div class='ocr_carea' id='block_1_9' title="bbox 188 1752 1455 1850">
    <p class='ocr_par' dir='ltr' id='par_1_9' title="bbox 188 1752 1455 1850">
     <span class='ocr_line' id='line_1_17' title="bbox 188 1752 1455 1850; baseline 0.006 -36"><span class='ocrx_word' id='word_1_162' title='bbox 188 1752 320 1838; x_wconf 79' lang='lat' dir='ltr'><strong>⁷nnquam</strong></span> <span class='ocrx_word' id='word_1_163' title='bbox 334 1761 370 1833; x_wconf 70' lang='lat'><strong>⁴).</strong></span> <span class='ocrx_word' id='word_1_164' title='bbox 400 1756 539 1816; x_wconf 89' lang='lat' dir='ltr'><strong>Liber&#39;um</strong></span> <span class='ocrx_word' id='word_1_165' title='bbox 559 1756 633 1818; x_wconf 91' lang='lat' dir='ltr'><strong>enim</strong></span> <span class='ocrx_word' id='word_1_166' title='bbox 653 1777 718 1817; x_wconf 90' lang='lat' dir='ltr'><strong>esse</strong></span> <span class='ocrx_word' id='word_1_167' title='bbox 736 1755 892 1818; x_wconf 89' lang='lat' dir='ltr'><strong>arbitratus</strong></span> <span class='ocrx_word' id='word_1_168' title='bbox 912 1768 956 1817; x_wconf 90' lang='lat' dir='ltr'><strong>est</strong></span> <span class='ocrx_word' id='word_1_169' title='bbox 968 1753 1094 1817; x_wconf 89' lang='lat' dir='ltr'><strong>hominis</strong></span> <span class='ocrx_word' id='word_1_170' title='bbox 1108 1757 1253 1839; x_wconf 88' lang='lat' dir='ltr'><strong>cujusque</strong></span> <span class='ocrx_word' id='word_1_171' title='bbox 1271 1761 1305 1850; x_wconf 70' lang='lat' dir='ltr'><strong>dp</strong></span> <span class='ocrx_word' id='word_1_172' title='bbox 1317 1761 1424 1822; x_wconf 87' lang='lat' dir='ltr'><strong>sacris</strong></span> <span class='ocrx_word' id='word_1_173' title='bbox 1454 1763 1455 1836; x_wconf 77' lang='lat'><em>3</em></span> 
     </span>
    </p>
   </div>
   <div class='ocr_carea' id='block_1_10' title="bbox 194 1843 1421 1924">
    <p class='ocr_par' dir='ltr' id='par_1_10' title="bbox 194 1843 1421 1924">
     <span class='ocr_line' id='line_1_18' title="bbox 194 1843 1421 1924; baseline 0.006 -22"><span class='ocrx_word' id='word_1_174' title='bbox 194 1843 297 1904; x_wconf 88' lang='lat' dir='ltr'><strong>diebus</strong></span> <span class='ocrx_word' id='word_1_175' title='bbox 315 1851 364 1904; x_wconf 88' lang='lat' dir='ltr'><strong>ant</strong></span> <span class='ocrx_word' id='word_1_176' title='bbox 389 1843 580 1904; x_wconf 86' lang='lat' dir='ltr'><strong>observandis</strong></span> <span class='ocrx_word' id='word_1_177' title='bbox 605 1845 656 1904; x_wconf 85' lang='lat' dir='ltr'><strong>au&#39;t</strong></span> <span class='ocrx_word' id='word_1_178' title='bbox 682 1865 740 1904; x_wconf 92' lang='lat' dir='ltr'><strong>non</strong></span> <span class='ocrx_word' id='word_1_179' title='bbox 765 1843 954 1904; x_wconf 86' lang='lat' dir='ltr'><strong>observandis</strong></span> <span class='ocrx_word' id='word_1_180' title='bbox 980 1843 1120 1924; x_wconf 83' lang='lat' dir='ltr'><strong>judicium</strong></span> <span class='ocrx_word' id='word_1_181' title='bbox 1139 1843 1194 1922; x_wconf 70' lang='lat'><strong>**).</strong></span> <span class='ocrx_word' id='word_1_182' title='bbox 1228 1846 1323 1922; x_wconf 79' lang='lat' dir='ltr'><strong>Quum</strong></span> <span class='ocrx_word' id='word_1_183' title='bbox 1341 1868 1421 1910; x_wconf 84' lang='lat' dir='ltr'><strong>vero</strong></span> 
     </span>
    </p>
   </div>
   <div class='ocr_carea' id='block_1_11' title="bbox 204 1919 207 1932">
    <p class='ocr_par' dir='ltr' id='par_1_11' title="bbox 204 1919 207 1932">
     <span class='ocr_line' id='line_1_19' title="bbox 204 1919 207 1932; baseline 0 0"><span class='ocrx_word' id='word_1_184' title='bbox 204 1919 207 1932; x_wconf 78' lang='lat' dir='ltr'><strong>t</strong></span> 
     </span>
    </p>
   </div>
   <div class='ocr_carea' id='block_1_12' title="bbox 184 2457 1416 2535">
    <p class='ocr_par' dir='ltr' id='par_1_12' title="bbox 184 2457 1416 2535">
     <span class='ocr_line' id='line_1_20' title="bbox 184 2457 1416 2535; baseline 0.005 -21"><span class='ocrx_word' id='word_1_185' title='bbox 184 2457 540 2535; x_wconf 79' lang='lat' dir='ltr'><strong>&#39;posterorum&#39;negotium</strong></span> <span class='ocrx_word' id='word_1_186' title='bbox 559 2457 614 2517; x_wconf 90' lang='lat' dir='ltr'><strong>hoe</strong></span> <span class='ocrx_word' id='word_1_187' title='bbox 632 2467 720 2517; x_wconf 87' lang='lat' dir='ltr'><strong>toturn</strong></span> <span class='ocrx_word' id='word_1_188' title='bbox 737 2457 773 2517; x_wconf 88' lang='lat' dir='ltr'><strong>ab</strong></span> <span class='ocrx_word' id='word_1_189' title='bbox 792 2477 826 2516; x_wconf 91' lang='lat' dir='ltr'><strong>eo</strong></span> <span class='ocrx_word' id='word_1_190' title='bbox 845 2457 975 2516; x_wconf 85' lang='lat' dir='ltr'><strong>relictum</strong></span> <span class='ocrx_word' id='word_1_191' title='bbox 1004 2475 1071 2518; x_wconf 89' lang='lat' dir='ltr'><strong>esse</strong></span> <span class='ocrx_word' id='word_1_192' title='bbox 1089 2457 1243 2534; x_wconf 89' lang='lat' dir='ltr'><strong>contendit,</strong></span> <span class='ocrx_word' id='word_1_193' title='bbox 1260 2469 1292 2518; x_wconf 88' lang='lat' dir='ltr'><strong>ut</strong></span> <span class='ocrx_word' id='word_1_194' title='bbox 1309 2459 1416 2520; x_wconf 77' lang='lat' dir='ltr'><strong>etlro‘-</strong></span> 
     </span>
    </p>
   </div>
   <div class='ocr_carea' id='block_1_13' title="bbox 182 2538 1455 2626">
    <p class='ocr_par' dir='ltr' id='par_1_13' title="bbox 182 2538 1455 2626">
     <span class='ocr_line' id='line_1_21' title="bbox 182 2538 1455 2626; baseline 0.008 -26"><span class='ocrx_word' id='word_1_195' title='bbox 182 2538 298 2624; x_wconf 75' lang='lat' dir='ltr'><strong>‘minum</strong></span> <span class='ocrx_word' id='word_1_196' title='bbox 318 2553 345 2604; x_wconf 90' lang='lat' dir='ltr'><strong>et</strong></span> <span class='ocrx_word' id='word_1_197' title='bbox 369 2553 528 2624; x_wconf 84' lang='lat' dir='ltr'><strong>temporum</strong></span> <span class='ocrx_word' id='word_1_198' title='bbox 555 2555 583 2606; x_wconf 90' lang='lat' dir='ltr'><strong>et</strong></span> <span class='ocrx_word' id='word_1_199' title='bbox 608 2543 738 2605; x_wconf 87' lang='lat' dir='ltr'><strong>locorum</strong></span> <span class='ocrx_word' id='word_1_200' title='bbox 760 2545 842 2624; x_wconf 80' lang='lat' dir='ltr'><strong>justa</strong></span> <span class='ocrx_word' id='word_1_201' title='bbox 866 2543 964 2606; x_wconf 89' lang='lat' dir='ltr'><strong>habita</strong></span> <span class='ocrx_word' id='word_1_202' title='bbox 991 2543 1103 2606; x_wconf 90' lang='lat' dir='ltr'><strong>ratione</strong></span> <span class='ocrx_word' id='word_1_203' title='bbox 1130 2544 1198 2626; x_wconf 87' lang='lat' dir='ltr'><strong>qnid</strong></span> <span class='ocrx_word' id='word_1_204' title='bbox 1225 2543 1415 2610; x_wconf 86' lang='lat' dir='ltr'><strong>sciscendum</strong></span> <span class='ocrx_word' id='word_1_205' title='bbox 1454 2545 1455 2620; x_wconf 57' lang='lat' dir='ltr'><strong>t</strong></span> 
     </span>
    </p>
   </div>
   <div class='ocr_carea' id='block_1_14' title="bbox 182 2627 430 2704">
    <p class='ocr_par' dir='ltr' id='par_1_14' title="bbox 182 2627 430 2704">
     <span class='ocr_line' id='line_1_22' title="bbox 182 2627 430 2704; baseline 0.012 -16"><span class='ocrx_word' id='word_1_206' title='bbox 182 2627 273 2704; x_wconf 80' lang='lat' dir='ltr'><strong>ieret,</strong></span> <span class='ocrx_word' id='word_1_207' title='bbox 289 2631 430 2691; x_wconf 84' lang='lat' dir='ltr'><strong>viderent.</strong></span> 
     </span>
    </p>
   </div>
   <div class='ocr_carea' id='block_1_15' title="bbox 152 2708 1455 2976">
    <p class='ocr_par' dir='ltr' id='par_1_15' title="bbox 152 2707 1455 2976">
     <span class='ocr_line' id='line_1_23' title="bbox 182 2708 1417 2804; baseline 0.008 -31"><span class='ocrx_word' id='word_1_208' title='bbox 182 2708 199 2804; x_wconf 30' lang='grc' dir='ltr'>ᾗ</span> <span class='ocrx_word' id='word_1_209' title='bbox 250 2713 255 2738; x_wconf 76' lang='lat'><em>³</em></span> <span class='ocrx_word' id='word_1_210' title='bbox 277 2715 336 2774; x_wconf 84' lang='lat' dir='ltr'><strong>Sed</strong></span> <span class='ocrx_word' id='word_1_211' title='bbox 354 2715 563 2776; x_wconf 84' lang='lat' dir='ltr'><strong>haecrirnrum</strong></span> <span class='ocrx_word' id='word_1_212' title='bbox 582 2717 734 2776; x_wconf 88' lang='lat' dir='ltr'><strong>doctorum</strong></span> <span class='ocrx_word' id='word_1_213' title='bbox 753 2715 908 2776; x_wconf 86' lang='lat' dir='ltr'><strong>consensio</strong></span> <span class='ocrx_word' id='word_1_214' title='bbox 925 2716 953 2776; x_wconf 89' lang='lat' dir='ltr'><strong>ia</strong></span> <span class='ocrx_word' id='word_1_215' title='bbox 972 2739 1107 2798; x_wconf 77' lang='lat' dir='ltr'><strong>magnam</strong></span> <span class='ocrx_word' id='word_1_216' title='bbox 1125 2719 1330 2781; x_wconf 88' lang='lat' dir='ltr'><strong>sententiarum</strong></span> <span class='ocrx_word' id='word_1_217' title='bbox 1349 2722 1417 2784; x_wconf 89' lang='lat' dir='ltr'><strong>abit</strong></span> 
     </span>
     <span class='ocr_line' id='line_1_24' title="bbox 152 2794 1455 2882; baseline 0.005 -17"><span class='ocrx_word' id='word_1_218' title='bbox 152 2843 155 2847; x_wconf 95' lang='lat'><em>-</em></span> <span class='ocrx_word' id='word_1_219' title='bbox 190 2797 421 2882; x_wconf 80' lang='lat' dir='ltr'><strong>dissensionem,</strong></span> <span class='ocrx_word' id='word_1_220' title='bbox 442 2823 511 2881; x_wconf 22' lang='lat' dir='ltr'><strong>,cnm</strong></span> <span class='ocrx_word' id='word_1_221' title='bbox 531 2805 569 2862; x_wconf 71' lang='lat' dir='ltr'><strong>de·</strong></span> <span class='ocrx_word' id='word_1_222' title='bbox 591 2794 704 2877; x_wconf 64' lang='lat' dir='ltr'><strong>origine</strong></span> <span class='ocrx_word' id='word_1_223' title='bbox 723 2813 750 2863; x_wconf 92' lang='lat' dir='ltr'><strong>et</strong></span> <span class='ocrx_word' id='word_1_224' title='bbox 775 2803 988 2866; x_wconf 77' lang='lat' dir='ltr'><strong>observatione</strong></span> <span class='ocrx_word' id='word_1_225' title='bbox 1004 2805 1082 2866; x_wconf 90' lang='lat' dir='ltr'><strong>diei</strong></span> <span class='ocrx_word' id='word_1_226' title='bbox 1108 2805 1415 2882; x_wconf 66' lang='lat' dir='ltr'><strong>dominici&#39;(diei</strong></span> <span class='ocrx_word' id='word_1_227' title='bbox 1454 2837 1455 2882; x_wconf 72' lang='lat'>3</span> 
     </span>
     <span class='ocr_line' id='line_1_25' title="bbox 169 2883 1455 2976; baseline 0.006 -27"><span class='ocrx_word' id='word_1_228' title='bbox 169 2883 301 2962; x_wconf 58' lang='lat' dir='ltr'><strong>fsoli‘s,</strong></span> <span class='ocrx_word' id='word_1_229' title='bbox 319 2889 445 2970; x_wconf 91' lang='lat' dir='ltr'><strong>panis,</strong></span> <span class='ocrx_word' id='word_1_230' title='bbox 462 2889 577 2972; x_wconf 91' lang='lat' dir='ltr'><strong>primi</strong></span> <span class='ocrx_word' id='word_1_231' title='bbox 596 2888 866 2971; x_wconf 82' lang='lat' dir='ltr'><strong>hebdomadis)</strong></span> <span class='ocrx_word' id='word_1_232' title='bbox 879 2891 954 2952; x_wconf 87' lang='lat' dir='ltr'><strong>inter</strong></span> <span class='ocrx_word' id='word_1_233' title='bbox 971 2893 1154 2954; x_wconf 88' lang='lat' dir='ltr'><strong>Christianos</strong></span> <span class='ocrx_word' id='word_1_234' title='bbox 1171 2897 1263 2976; x_wconf 86' lang='lat' dir='ltr'><strong>deque</strong></span> <span class='ocrx_word' id='word_1_235' title='bbox 1279 2905 1415 2976; x_wconf 88' lang='lat' dir='ltr'><strong>tempore</strong></span> <span class='ocrx_word' id='word_1_236' title='bbox 1454 2927 1455 2930; x_wconf 37' lang='lat'>¹</span> 
     </span>
    </p>
   </div>
   <div class='ocr_carea' id='block_1_16' title="bbox 188 2972 1414 3062">
    <p class='ocr_par' dir='ltr' id='par_1_16' title="bbox 188 2972 1414 3062">
     <span class='ocr_line' id='line_1_26' title="bbox 188 2972 1414 3062; baseline 0.007 -25"><span class='ocrx_word' id='word_1_237' title='bbox 188 2977 354 3060; x_wconf 84' lang='lat' dir='ltr'><strong>disserunt,</strong></span> <span class='ocrx_word' id='word_1_238' title='bbox 380 2999 437 3059; x_wconf 83' lang='lat' dir='ltr'><strong>quo</strong></span> <span class='ocrx_word' id='word_1_239' title='bbox 463 2972 509 3038; x_wconf 91' lang='lat' dir='ltr'><strong>bie</strong></span> <span class='ocrx_word' id='word_1_240' title='bbox 536 2979 598 3038; x_wconf 86' lang='lat' dir='ltr'><strong>dies</strong></span> <span class='ocrx_word' id='word_1_241' title='bbox 621 2977 735 3038; x_wconf 89' lang='lat' dir='ltr'><strong>sabbati</strong></span> <span class='ocrx_word' id='word_1_242' title='bbox 760 2978 824 3039; x_wconf 90' lang='lat' dir='ltr'><strong>locu</strong></span> <span class='ocrx_word' id='word_1_243' title='bbox 842 2979 887 3040; x_wconf 86' lang='lat' dir='ltr'><strong>vel</strong></span> <span class='ocrx_word' id='word_1_244' title='bbox 907 3001 942 3040; x_wconf 88' lang='lat' dir='ltr'><strong>ex</strong></span> <span class='ocrx_word' id='word_1_245' title='bbox 967 3002 1044 3042; x_wconf 90' lang='lat' dir='ltr'><strong>more</strong></span> <span class='ocrx_word' id='word_1_246' title='bbox 1061 2981 1107 3042; x_wconf 86' lang='lat' dir='ltr'><strong>rel</strong></span> <span class='ocrx_word' id='word_1_247' title='bbox 1125 3003 1161 3043; x_wconf 88' lang='lat' dir='ltr'><strong>ex</strong></span> <span class='ocrx_word' id='word_1_248' title='bbox 1185 2981 1251 3060; x_wconf 80' lang='lat' dir='ltr'><strong>lege</strong></span> <span class='ocrx_word' id='word_1_249' title='bbox 1267 2979 1414 3062; x_wconf 81' lang='lat' dir='ltr'><strong>religiose</strong></span> 
     </span>
    </p>
   </div>
   <div class='ocr_carea' id='block_1_17' title="bbox 181 3061 1455 3330">
    <p class='ocr_par' dir='ltr' id='par_1_17' title="bbox 181 3061 1455 3330">
     <span class='ocr_line' id='line_1_27' title="bbox 184 3061 1455 3146; baseline 0.006 -20"><span class='ocrx_word' id='word_1_250' title='bbox 184 3063 355 3128; x_wconf 75' lang='lat' dir='ltr'><strong>&#39;celebratus</strong></span> <span class='ocrx_word' id='word_1_251' title='bbox 372 3067 418 3126; x_wconf 90' lang='lat' dir='ltr'><strong>sit.</strong></span> <span class='ocrx_word' id='word_1_252' title='bbox 451 3065 555 3144; x_wconf 75' lang='lat' dir='ltr'><strong>Longe</strong></span> <span class='ocrx_word' id='word_1_253' title='bbox 582 3065 657 3125; x_wconf 91' lang='lat' dir='ltr'><strong>enim</strong></span> <span class='ocrx_word' id='word_1_254' title='bbox 675 3065 807 3146; x_wconf 89' lang='lat' dir='ltr'><strong>plurimi,</strong></span> <span class='ocrx_word' id='word_1_255' title='bbox 834 3087 891 3126; x_wconf 94' lang='lat' dir='ltr'><strong>non</strong></span> <span class='ocrx_word' id='word_1_256' title='bbox 916 3067 1009 3128; x_wconf 90' lang='lat' dir='ltr'><strong>solum</strong></span> <span class='ocrx_word' id='word_1_257' title='bbox 1026 3067 1122 3129; x_wconf 88' lang='lat' dir='ltr'><strong>statim</strong></span> <span class='ocrx_word' id='word_1_258' title='bbox 1147 3061 1184 3130; x_wconf 86' lang='lat' dir='ltr'><strong>ab</strong></span> <span class='ocrx_word' id='word_1_259' title='bbox 1209 3069 1292 3130; x_wconf 90' lang='lat' dir='ltr'><strong>initio</strong></span> <span class='ocrx_word' id='word_1_260' title='bbox 1309 3093 1413 3132; x_wconf 90' lang='lat' dir='ltr'><strong>rerum</strong></span> <span class='ocrx_word' id='word_1_261' title='bbox 1454 3081 1455 3088; x_wconf 76' lang='grc'>’</span> 
     </span>
     <span class='ocr_line' id='line_1_28' title="bbox 181 3149 1455 3238; baseline 0.005 -24"><span class='ocrx_word' id='word_1_262' title='bbox 181 3149 462 3227; x_wconf 73' lang='lat' dir='ltr'><strong>&#39;christianarum&#39;i</strong></span> <span class='ocrx_word' id='word_1_263' title='bbox 479 3173 503 3211; x_wconf 92' lang='lat' dir='ltr'><strong>e.</strong></span> <span class='ocrx_word' id='word_1_264' title='bbox 520 3151 599 3212; x_wconf 87' lang='lat' dir='ltr'><strong>hand</strong></span> <span class='ocrx_word' id='word_1_265' title='bbox 618 3151 667 3215; x_wconf 88' lang='lat' dir='ltr'><strong>din</strong></span> <span class='ocrx_word' id='word_1_266' title='bbox 686 3161 751 3232; x_wconf 90' lang='lat' dir='ltr'><strong>post</strong></span> <span class='ocrx_word' id='word_1_267' title='bbox 768 3151 915 3214; x_wconf 89' lang='lat' dir='ltr'><strong>sublatum</strong></span> <span class='ocrx_word' id='word_1_268' title='bbox 935 3157 971 3215; x_wconf 89' lang='lat' dir='ltr'><strong>ad</strong></span> <span class='ocrx_word' id='word_1_269' title='bbox 989 3153 1088 3238; x_wconf 88' lang='lat' dir='ltr'><strong>coelos</strong></span> <span class='ocrx_word' id='word_1_270' title='bbox 1106 3155 1300 3235; x_wconf 83' lang='lat' dir='ltr'><strong>Servatorein,</strong></span> <span class='ocrx_word' id='word_1_271' title='bbox 1320 3181 1413 3238; x_wconf 90' lang='lat' dir='ltr'><strong>prae·</strong></span> <span class='ocrx_word' id='word_1_272' title='bbox 1454 3157 1455 3194; x_wconf 68' lang='lat'>³</span> 
     </span>
     <span class='ocr_line' id='line_1_29' title="bbox 189 3237 1455 3330; baseline 0.004 -27"><span class='ocrx_word' id='word_1_273' title='bbox 189 3237 507 3330; x_wconf 68' lang='lat' dir='ltr'><strong>cuntibnsnpostolis,</strong></span> <span class='ocrx_word' id='word_1_274' title='bbox 525 3237 600 3300; x_wconf 91' lang='lat' dir='ltr'><strong>diem</strong></span> <span class='ocrx_word' id='word_1_275' title='bbox 626 3239 823 3329; x_wconf 66' lang='lat' dir='ltr'><strong>solis&#39;idcirco</strong></span> <span class='ocrx_word' id='word_1_276' title='bbox 846 3243 939 3304; x_wconf 82' lang='lat' dir='ltr'><strong>sacris</strong></span> <span class='ocrx_word' id='word_1_277' title='bbox 966 3242 1143 3324; x_wconf 78' lang='lat' dir='ltr'><strong>peragendis</strong></span> <span class='ocrx_word' id='word_1_278' title='bbox 1165 3243 1308 3327; x_wconf 85' lang='lat' dir='ltr'><strong>dicatum,</strong></span> <span class='ocrx_word' id='word_1_279' title='bbox 1339 3246 1414 3328; x_wconf 85' lang='lat' dir='ltr'><strong>quia</strong></span> <span class='ocrx_word' id='word_1_280' title='bbox 1454 3239 1455 3252; x_wconf 51' lang='lat'><em>³</em></span> 
     </span>
    </p>
   </div>
   <div class='ocr_carea' id='block_1_18' title="bbox 196 3367 422 3385">
    <p class='ocr_par' dir='ltr' id='par_1_18' title="bbox 196 3367 422 3385">
     <span class='ocr_line' id='line_1_30' title="bbox 196 3367 422 3385; baseline -0.004 0"><span class='ocrx_word' id='word_1_281' title='bbox 196 3367 422 3385; x_wconf 61' lang='grc' dir='ltr'><strong>-κ-μ--μ-</strong></span> 
     </span>
    </p>
   </div>
   <div class='ocr_carea' id='block_1_19' title="bbox 179 3442 1412 3719">
    <p class='ocr_par' dir='ltr' id='par_1_19' title="bbox 179 3442 1412 3652">
     <span class='ocr_line' id='line_1_31' title="bbox 240 3442 1412 3520; baseline 0.003 -21.805"><span class='ocrx_word' id='word_1_282' title='bbox 240 3442 284 3510; x_wconf 54' lang='lat' dir='ltr'><strong>d)</strong></span> <span class='ocrx_word' id='word_1_283' title='bbox 306 3442 398 3497; x_wconf 83' lang='lat' dir='ltr'><strong>Mattb.</strong></span> <span class='ocrx_word' id='word_1_284' title='bbox 422 3443 464 3510; x_wconf 73' lang='lat'><strong>24,</strong></span> <span class='ocrx_word' id='word_1_285' title='bbox 487 3449 528 3498; x_wconf 81' lang='lat'><strong>20.</strong></span> <span class='ocrx_word' id='word_1_286' title='bbox 560 3443 742 3513; x_wconf 79' lang='lat' dir='ltr'><strong>,Haerentem</strong></span> <span class='ocrx_word' id='word_1_287' title='bbox 770 3447 986 3514; x_wconf 77' lang='lat' dir='ltr'><strong>discipulis&#39;dixit</strong></span> <span class='ocrx_word' id='word_1_288' title='bbox 1003 3446 1096 3514; x_wconf 79' lang='lat' dir='ltr'><strong>lesus,</strong></span> <span class='ocrx_word' id='word_1_289' title='bbox 1125 3449 1238 3504; x_wconf 79' lang='lat' dir='ltr'><strong>intrarem</strong></span> <span class='ocrx_word' id='word_1_290' title='bbox 1258 3443 1412 3520; x_wconf 73' lang='lat' dir='ltr'><strong>Hierosoly·</strong></span> 
     </span>
     <span class='ocr_line' id='line_1_32' title="bbox 187 3513 1409 3588; baseline 0.006 -23"><span class='ocrx_word' id='word_1_291' title='bbox 187 3517 284 3565; x_wconf 84' lang='lat' dir='ltr'><strong>morum</strong></span> <span class='ocrx_word' id='word_1_292' title='bbox 301 3513 463 3564; x_wconf 82' lang='lat' dir='ltr'><strong>eversionem</strong></span> <span class='ocrx_word' id='word_1_293' title='bbox 482 3514 645 3577; x_wconf 76' lang='lat' dir='ltr'><strong>vaticinans,</strong></span> <span class='ocrx_word' id='word_1_294' title='bbox 665 3533 710 3582; x_wconf 91' lang='lat' dir='ltr'><strong>pro</strong></span> <span class='ocrx_word' id='word_1_295' title='bbox 730 3523 800 3567; x_wconf 90' lang='lat' dir='ltr'><strong>certo</strong></span> <span class='ocrx_word' id='word_1_296' title='bbox 820 3517 900 3580; x_wconf 78' lang='lat' dir='ltr'><strong>igitur</strong></span> <span class='ocrx_word' id='word_1_297' title='bbox 918 3516 1017 3579; x_wconf 88' lang='lat' dir='ltr'><strong>snrnsit,</strong></span> <span class='ocrx_word' id='word_1_298' title='bbox 1039 3517 1090 3566; x_wconf 87' lang='lat' dir='ltr'><strong>illis</strong></span> <span class='ocrx_word' id='word_1_299' title='bbox 1110 3524 1163 3570; x_wconf 88' lang='lat' dir='ltr'><strong>tum</strong></span> <span class='ocrx_word' id='word_1_300' title='bbox 1182 3535 1282 3588; x_wconf 85' lang='lat' dir='ltr'><strong>quoque</strong></span> <span class='ocrx_word' id='word_1_301' title='bbox 1300 3521 1409 3572; x_wconf 82' lang='lat' dir='ltr'><strong>sabbati</strong></span> 
     </span>
     <span class='ocr_line' id='line_1_33' title="bbox 179 3579 1106 3652; baseline 0.003 -20"><span class='ocrx_word' id='word_1_302' title='bbox 179 3581 254 3633; x_wconf 85' lang='lat' dir='ltr'><strong>¹diem</strong></span> <span class='ocrx_word' id='word_1_303' title='bbox 274 3599 375 3634; x_wconf 87' lang='lat' dir='ltr'><strong>sacrum</strong></span> <span class='ocrx_word' id='word_1_304' title='bbox 394 3579 459 3648; x_wconf 80' lang='lat' dir='ltr'><strong>ione,</strong></span> <span class='ocrx_word' id='word_1_305' title='bbox 480 3589 506 3632; x_wconf 92' lang='lat' dir='ltr'><strong>et</strong></span> <span class='ocrx_word' id='word_1_306' title='bbox 524 3583 671 3646; x_wconf 81' lang='lat' dir='ltr'><strong>religiosum</strong></span> <span class='ocrx_word' id='word_1_307' title='bbox 690 3585 746 3648; x_wconf 87' lang='lat' dir='ltr'><strong>ejus</strong></span> <span class='ocrx_word' id='word_1_308' title='bbox 766 3585 861 3635; x_wconf 87' lang='lat' dir='ltr'><strong>cultum</strong></span> <span class='ocrx_word' id='word_1_309' title='bbox 883 3601 931 3635; x_wconf 92' lang='lat' dir='ltr'><strong>uon</strong></span> <span class='ocrx_word' id='word_1_310' title='bbox 950 3585 1106 3652; x_wconf 85' lang='lat' dir='ltr'><strong>inprobavit.</strong></span> 
     </span>
    </p>

    <p class='ocr_par' dir='ltr' id='par_1_20' title="bbox 176 3649 1410 3719">
     <span class='ocr_line' id='line_1_34' title="bbox 247 3649 1410 3719; baseline 0.007 -18.482"><span class='ocrx_word' id='word_1_311' title='bbox 247 3649 301 3712; x_wconf 71' lang='lat'><strong>&#39;**)</strong></span> <span class='ocrx_word' id='word_1_312' title='bbox 320 3651 413 3701; x_wconf 84' lang='lat' dir='ltr'><strong>blattb.</strong></span> <span class='ocrx_word' id='word_1_313' title='bbox 429 3657 468 3715; x_wconf 70' lang='lat' dir='ltr'><strong>tt,</strong></span> <span class='ocrx_word' id='word_1_314' title='bbox 483 3653 576 3704; x_wconf 79' lang='lat'>1-14.</span> <span class='ocrx_word' id='word_1_315' title='bbox 594 3651 675 3703; x_wconf 87' lang='lat' dir='ltr'><strong>Marc.</strong></span> <span class='ocrx_word' id='word_1_316' title='bbox 688 3658 714 3716; x_wconf 81' lang='lat'><strong>2,</strong></span> <span class='ocrx_word' id='word_1_317' title='bbox 725 3655 838 3706; x_wconf 76' lang='lat'>23-28.</span> <span class='ocrx_word' id='word_1_318' title='bbox 860 3659 886 3718; x_wconf 87' lang='grc'><strong>3,</strong></span> <span class='ocrx_word' id='word_1_319' title='bbox 901 3653 978 3704; x_wconf 55' lang='grc' dir='ltr'><strong>2-ι4,</strong></span> <span class='ocrx_word' id='word_1_320' title='bbox 998 3653 1062 3704; x_wconf 88' lang='lat' dir='ltr'><strong>Luc.</strong></span> <span class='ocrx_word' id='word_1_321' title='bbox 1073 3657 1099 3719; x_wconf 82' lang='lat' dir='ltr'><strong>e,</strong></span> <span class='ocrx_word' id='word_1_322' title='bbox 1123 3661 1215 3709; x_wconf 79' lang='lat' dir='ltr'><strong>t-m</strong></span> <span class='ocrx_word' id='word_1_323' title='bbox 1236 3659 1278 3717; x_wconf 78' lang='lat' dir='ltr'><strong>ts,</strong></span> <span class='ocrx_word' id='word_1_324' title='bbox 1292 3659 1410 3709; x_wconf 82' lang='lat' dir='ltr'><strong>to-r7.</strong></span> 
     </span>
    </p>
   </div>
   <div class='ocr_carea' id='block_1_20' title="bbox 185 3713 1455 3791">
    <p class='ocr_par' dir='ltr' id='par_1_21' title="bbox 185 3713 1455 3791">
     <span class='ocr_line' id='line_1_35' title="bbox 185 3713 1455 3791; baseline 0.006 -19"><span class='ocrx_word' id='word_1_325' title='bbox 185 3719 230 3782; x_wconf 83' lang='lat'><strong>14,</strong></span> <span class='ocrx_word' id='word_1_326' title='bbox 252 3723 326 3782; x_wconf 69' lang='grc'><strong>1-5,</strong></span> <span class='ocrx_word' id='word_1_327' title='bbox 338 3719 449 3784; x_wconf 70' lang='lat' dir='ltr'><strong>tone,</strong></span> <span class='ocrx_word' id='word_1_328' title='bbox 468 3719 563 3772; x_wconf 81' lang='lat' dir='ltr'><strong>c-ts.</strong></span> <span class='ocrx_word' id='word_1_329' title='bbox 578 3726 611 3782; x_wconf 74' lang='lat' dir='ltr'><strong>a,</strong></span> <span class='ocrx_word' id='word_1_330' title='bbox 624 3721 735 3773; x_wconf 55' lang='lat' dir='ltr'><strong>nent.</strong></span> <span class='ocrx_word' id='word_1_331' title='bbox 755 3722 781 3784; x_wconf 84' lang='lat'><strong>9,</strong></span> <span class='ocrx_word' id='word_1_332' title='bbox 800 3721 910 3775; x_wconf 75' lang='lat' dir='ltr'><strong>oct-rs.</strong></span> <span class='ocrx_word' id='word_1_333' title='bbox 946 3713 1164 3776; x_wconf 61' lang='lat' dir='ltr'><strong>numinensium</strong></span> <span class='ocrx_word' id='word_1_334' title='bbox 1186 3724 1292 3786; x_wconf 74' lang='lat' dir='ltr'><strong>(meten.</strong></span> <span class='ocrx_word' id='word_1_335' title='bbox 1308 3729 1351 3788; x_wconf 78' lang='lat' dir='ltr'><strong>te,</strong></span> <span class='ocrx_word' id='word_1_336' title='bbox 1364 3725 1411 3791; x_wconf 85' lang='lat' dir='ltr'><strong>s.)</strong></span> <span class='ocrx_word' id='word_1_337' title='bbox 1454 3753 1455 3756; x_wconf 60' lang='lat'><em>=</em></span> 
     </span>
    </p>
   </div>
   <div class='ocr_carea' id='block_1_21' title="bbox 185 3779 1412 3858">
    <p class='ocr_par' dir='ltr' id='par_1_22' title="bbox 185 3779 1412 3858">
     <span class='ocr_line' id='line_1_36' title="bbox 185 3779 1412 3858; baseline 0.006 -20"><span class='ocrx_word' id='word_1_338' title='bbox 185 3787 374 3840; x_wconf 84' lang='lat' dir='ltr'><strong>vcl&#39;liominem</strong></span> <span class='ocrx_word' id='word_1_339' title='bbox 397 3786 490 3846; x_wconf 84' lang='lat' dir='ltr'><strong>(Marc.</strong></span> <span class='ocrx_word' id='word_1_340' title='bbox 506 3794 536 3853; x_wconf 72' lang='grc'><strong>,2,</strong></span> <span class='ocrx_word' id='word_1_341' title='bbox 555 3787 613 3856; x_wconf 81' lang='grc'>27.)</span> <span class='ocrx_word' id='word_1_342' title='bbox 632 3779 733 3840; x_wconf 80' lang='lat' dir='ltr'><strong>subirati</strong></span> <span class='ocrx_word' id='word_1_343' title='bbox 754 3790 881 3842; x_wconf 89' lang='lat' dir='ltr'><strong>domiuum</strong></span> <span class='ocrx_word' id='word_1_344' title='bbox 902 3807 959 3841; x_wconf 87' lang='lat' dir='ltr'><strong>csse</strong></span> <span class='ocrx_word' id='word_1_345' title='bbox 978 3791 1057 3858; x_wconf 91' lang='lat' dir='ltr'><strong>dicit,</strong></span> <span class='ocrx_word' id='word_1_346' title='bbox 1088 3784 1291 3858; x_wconf 79' lang='lat' dir='ltr'><strong>qooo&#39;nooautti</strong></span> <span class='ocrx_word' id='word_1_347' title='bbox 1309 3794 1347 3844; x_wconf 86' lang='lat' dir='ltr'><strong>ita</strong></span> <span class='ocrx_word' id='word_1_348' title='bbox 1368 3796 1412 3846; x_wconf 90' lang='lat' dir='ltr'><strong>in-</strong></span> 
     </span>
    </p>
   </div>
   <div class='ocr_carea' id='block_1_22' title="bbox 176 3848 1455 4066">
    <p class='ocr_par' dir='ltr' id='par_1_23' title="bbox 176 3848 1455 4066">
     <span class='ocr_line' id='line_1_37' title="bbox 180 3848 1455 3926; baseline 0.005 -19"><span class='ocrx_word' id='word_1_349' title='bbox 180 3853 323 3922; x_wconf 69' lang='lat' dir='ltr'><strong>”terpretatl</strong></span> <span class='ocrx_word' id='word_1_350' title='bbox 342 3863 411 3920; x_wconf 85' lang='lat' dir='ltr'><strong>sunt,</strong></span> <span class='ocrx_word' id='word_1_351' title='bbox 432 3871 462 3906; x_wconf 85' lang='lat' dir='ltr'><strong>ao</strong></span> <span class='ocrx_word' id='word_1_352' title='bbox 483 3855 505 3906; x_wconf 91' lang='lat' dir='ltr'><strong>si</strong></span> <span class='ocrx_word' id='word_1_353' title='bbox 525 3848 599 3906; x_wconf 81' lang='lat' dir='ltr'><strong>lestis</strong></span> <span class='ocrx_word' id='word_1_354' title='bbox 621 3857 742 3908; x_wconf 79' lang='lat' dir='ltr'><strong>‘sibi&#39;vel</strong></span> <span class='ocrx_word' id='word_1_355' title='bbox 762 3859 975 3926; x_wconf 89' lang='lat' dir='ltr'><strong>homiui&#39;euique</strong></span> <span class='ocrx_word' id='word_1_356' title='bbox 991 3860 1034 3924; x_wconf 84' lang='lat' dir='ltr'><strong>jus</strong></span> <span class='ocrx_word' id='word_1_357' title='bbox 1060 3861 1163 3912; x_wconf 87' lang='lat' dir='ltr'><strong>sabbati</strong></span> <span class='ocrx_word' id='word_1_358' title='bbox 1190 3861 1332 3926; x_wconf 77' lang='lat' dir='ltr'><strong>abrogandi</strong></span> <span class='ocrx_word' id='word_1_359' title='bbox 1351 3861 1412 3913; x_wconf 90' lang='lat' dir='ltr'><strong>viu·</strong></span> <span class='ocrx_word' id='word_1_360' title='bbox 1454 3869 1455 3872; x_wconf 78' lang='grc'>’</span> 
     </span>
     <span class='ocr_line' id='line_1_38' title="bbox 185 3924 1455 3998; baseline 0.007 -22"><span class='ocrx_word' id='word_1_361' title='bbox 185 3925 273 3976; x_wconf 89' lang='lat' dir='ltr'><strong>dicare</strong></span> <span class='ocrx_word' id='word_1_362' title='bbox 291 3925 411 3974; x_wconf 87' lang='lat' dir='ltr'><strong>voluerit.</strong></span> <span class='ocrx_word' id='word_1_363' title='bbox 449 3924 500 3974; x_wconf 84' lang='lat' dir='ltr'><strong>Sed</strong></span> <span class='ocrx_word' id='word_1_364' title='bbox 522 3933 573 3975; x_wconf 91' lang='lat' dir='ltr'><strong>tum</strong></span> <span class='ocrx_word' id='word_1_365' title='bbox 592 3926 744 3991; x_wconf 85' lang='lat' dir='ltr'><strong>sibimetipsi</strong></span> <span class='ocrx_word' id='word_1_366' title='bbox 764 3943 813 3976; x_wconf 90' lang='lat' dir='ltr'><strong>non</strong></span> <span class='ocrx_word' id='word_1_367' title='bbox 832 3927 896 3978; x_wconf 90' lang='lat' dir='ltr'><strong>bene</strong></span> <span class='ocrx_word' id='word_1_368' title='bbox 915 3935 1055 3979; x_wconf 90' lang='lat' dir='ltr'><strong>constaret.</strong></span> <span class='ocrx_word' id='word_1_369' title='bbox 1093 3929 1157 3980; x_wconf 90' lang='lat' dir='ltr'><strong>Nam</strong></span> <span class='ocrx_word' id='word_1_370' title='bbox 1178 3931 1241 3982; x_wconf 88' lang='lat' dir='ltr'><strong>alibi</strong></span> <span class='ocrx_word' id='word_1_371' title='bbox 1260 3929 1409 3998; x_wconf 75' lang='lat' dir='ltr'><strong>(nortun,</strong></span> <span class='ocrx_word' id='word_1_372' title='bbox 1453 3975 1455 3992; x_wconf 73' lang='lat'><strong>,</strong></span> 
     </span>
     <span class='ocr_line' id='line_1_39' title="bbox 176 3994 1437 4066; baseline 0.004 -20"><span class='ocrx_word' id='word_1_373' title='bbox 176 3997 245 4059; x_wconf 73' lang='lat' dir='ltr'><strong>at.)</strong></span> <span class='ocrx_word' id='word_1_374' title='bbox 263 4002 290 4046; x_wconf 87' lang='lat' dir='ltr'><strong>se</strong></span> <span class='ocrx_word' id='word_1_375' title='bbox 308 4009 359 4044; x_wconf 90' lang='lat' dir='ltr'><strong>nou</strong></span> <span class='ocrx_word' id='word_1_376' title='bbox 373 4008 408 4044; x_wconf 86' lang='lat' dir='ltr'><strong>en</strong></span> <span class='ocrx_word' id='word_1_377' title='bbox 426 3994 655 4044; x_wconf 78' lang='lat' dir='ltr'><strong>consitiovonisse</strong></span> <span class='ocrx_word' id='word_1_378' title='bbox 674 3995 727 4050; x_wconf 84' lang='lat' dir='ltr'><strong>ait,</strong></span> <span class='ocrx_word' id='word_1_379' title='bbox 758 4002 787 4044; x_wconf 89' lang='lat' dir='ltr'><strong>ut</strong></span> <span class='ocrx_word' id='word_1_380' title='bbox 805 3996 887 4059; x_wconf 74' lang='lat' dir='ltr'><strong>legem</strong></span> <span class='ocrx_word' id='word_1_381' title='bbox 906 4005 953 4046; x_wconf 84' lang='lat' dir='ltr'><strong>not</strong></span> <span class='ocrx_word' id='word_1_382' title='bbox 972 4003 1046 4048; x_wconf 86' lang='lat' dir='ltr'><strong>vates</strong></span> <span class='ocrx_word' id='word_1_383' title='bbox 1066 3998 1213 4064; x_wconf 79' lang='lat' dir='ltr'><strong>abrogaret,</strong></span> <span class='ocrx_word' id='word_1_384' title='bbox 1234 4001 1280 4050; x_wconf 87' lang='lat' dir='ltr'><strong>sed</strong></span> <span class='ocrx_word' id='word_1_385' title='bbox 1299 4002 1329 4049; x_wconf 87' lang='lat' dir='ltr'><strong>bt</strong></span> <span class='ocrx_word' id='word_1_386' title='bbox 1349 4017 1412 4066; x_wconf 85' lang='lat' dir='ltr'><strong>per·</strong></span> <span class='ocrx_word' id='word_1_387' title='bbox 1432 4008 1437 4020; x_wconf 96' lang='grc'>’</span> 
     </span>
    </p>
   </div>
   <div class='ocr_carea' id='block_1_23' title="bbox 172 4061 1411 4468">
    <p class='ocr_par' dir='ltr' id='par_1_24' title="bbox 172 4061 1411 4468">
     <span class='ocr_line' id='line_1_40' title="bbox 185 4061 1410 4132; baseline 0.007 -20"><span class='ocrx_word' id='word_1_388' title='bbox 185 4062 283 4116; x_wconf 85' lang='lat' dir='ltr'><strong>ficeret.</strong></span> <span class='ocrx_word' id='word_1_389' title='bbox 321 4061 406 4126; x_wconf 86' lang='lat' dir='ltr'><strong>Quare</strong></span> <span class='ocrx_word' id='word_1_390' title='bbox 426 4063 477 4114; x_wconf 88' lang='lat' dir='ltr'><strong>alia</strong></span> <span class='ocrx_word' id='word_1_391' title='bbox 498 4063 583 4132; x_wconf 80' lang='lat' dir='ltr'><strong>verbis</strong></span> <span class='ocrx_word' id='word_1_392' title='bbox 601 4062 652 4115; x_wconf 84' lang='lat' dir='ltr'><strong>ittis</strong></span> <span class='ocrx_word' id='word_1_393' title='bbox 671 4063 734 4112; x_wconf 86' lang='lat' dir='ltr'><strong>insit</strong></span> <span class='ocrx_word' id='word_1_394' title='bbox 753 4066 880 4115; x_wconf 86' lang='lat' dir='ltr'><strong>sententia</strong></span> <span class='ocrx_word' id='word_1_395' title='bbox 900 4079 1005 4118; x_wconf 88' lang='lat' dir='ltr'><strong>necesse</strong></span> <span class='ocrx_word' id='word_1_396' title='bbox 1024 4073 1073 4132; x_wconf 83' lang='lat' dir='ltr'><strong>est.</strong></span> <span class='ocrx_word' id='word_1_397' title='bbox 1105 4066 1236 4132; x_wconf 77' lang='lat' dir='ltr'><strong>Quaenam</strong></span> <span class='ocrx_word' id='word_1_398' title='bbox 1256 4084 1319 4130; x_wconf 81' lang='lat' dir='ltr'><strong>vero</strong></span> <span class='ocrx_word' id='word_1_399' title='bbox 1340 4069 1410 4120; x_wconf 83' lang='lat' dir='ltr'><strong>bueo</strong></span> 
     </span>
     <span class='ocr_line' id='line_1_41' title="bbox 184 4129 1411 4204; baseline 0.008 -24"><span class='ocrx_word' id='word_1_400' title='bbox 184 4132 228 4195; x_wconf 82' lang='lat' dir='ltr'><strong>sit,</strong></span> <span class='ocrx_word' id='word_1_401' title='bbox 248 4131 341 4200; x_wconf 82' lang='lat' dir='ltr'><strong>optime</strong></span> <span class='ocrx_word' id='word_1_402' title='bbox 362 4131 502 4196; x_wconf 81' lang='lat' dir='ltr'><strong>explicavit</strong></span> <span class='ocrx_word' id='word_1_403' title='bbox 521 4131 626 4181; x_wconf 84' lang='lat' dir='ltr'><strong>Grotius</strong></span> <span class='ocrx_word' id='word_1_404' title='bbox 646 4131 678 4180; x_wconf 89' lang='lat' dir='ltr'><strong>ad</strong></span> <span class='ocrx_word' id='word_1_405' title='bbox 694 4129 789 4181; x_wconf 75' lang='lat' dir='ltr'><strong>&#39;Maron</strong></span> <span class='ocrx_word' id='word_1_406' title='bbox 811 4135 837 4199; x_wconf 83' lang='lat'><strong>5,</strong></span> <span class='ocrx_word' id='word_1_407' title='bbox 858 4139 900 4188; x_wconf 89' lang='lat'><strong>17.</strong></span> <span class='ocrx_word' id='word_1_408' title='bbox 926 4134 953 4184; x_wconf 91' lang='lat' dir='ltr'><strong>in</strong></span> <span class='ocrx_word' id='word_1_409' title='bbox 971 4135 1039 4185; x_wconf 89' lang='lat' dir='ltr'><strong>hunc</strong></span> <span class='ocrx_word' id='word_1_410' title='bbox 1057 4136 1172 4186; x_wconf 88' lang='lat' dir='ltr'><strong>modum:</strong></span> <span class='ocrx_word' id='word_1_411' title='bbox 1198 4141 1278 4190; x_wconf 78' lang='lat' dir='ltr'><strong>Ritus</strong></span> <span class='ocrx_word' id='word_1_412' title='bbox 1296 4139 1411 4204; x_wconf 81' lang='lat' dir='ltr'><strong>inplevit</strong></span> 
     </span>
     <span class='ocr_line' id='line_1_42' title="bbox 173 4198 1409 4272; baseline 0.005 -21"><span class='ocrx_word' id='word_1_413' title='bbox 173 4198 415 4251; x_wconf 60' lang='lat' dir='ltr'><strong>ter‘oonoonmmvn</strong></span> <span class='ocrx_word' id='word_1_414' title='bbox 437 4201 567 4263; x_wconf 75' lang='lat' dir='ltr'><strong>Christus,</strong></span> <span class='ocrx_word' id='word_1_415' title='bbox 588 4202 615 4250; x_wconf 81' lang='lat' dir='ltr'><strong>e&#39;rt</strong></span> <span class='ocrx_word' id='word_1_416' title='bbox 633 4199 787 4265; x_wconf 70' lang='lat' dir='ltr'><strong>exhibendo,</strong></span> <span class='ocrx_word' id='word_1_417' title='bbox 805 4203 985 4270; x_wconf 75' lang='lat' dir='ltr'><strong>cajano-cansa</strong></span> <span class='ocrx_word' id='word_1_418' title='bbox 1003 4206 1073 4256; x_wconf 77' lang='lat' dir='ltr'><strong>ritas</strong></span> <span class='ocrx_word' id='word_1_419' title='bbox 1090 4213 1170 4256; x_wconf 83' lang='lat' dir='ltr'><strong>erant</strong></span> <span class='ocrx_word' id='word_1_420' title='bbox 1190 4207 1299 4272; x_wconf 79' lang='lat' dir='ltr'><strong>reperti,</strong></span> <span class='ocrx_word' id='word_1_421' title='bbox 1322 4209 1409 4271; x_wconf 81' lang='lat' dir='ltr'><strong>qnod-</strong></span> 
     </span>
     <span class='ocr_line' id='line_1_43' title="bbox 172 4267 1408 4344; baseline 0.006 -25"><span class='ocrx_word' id='word_1_422' title='bbox 172 4271 300 4336; x_wconf 67' lang='lat' dir='ltr'><strong>pnejper&#39;</strong></span> <span class='ocrx_word' id='word_1_423' title='bbox 311 4267 479 4334; x_wconf 60' lang='lat' dir='ltr'><strong>decendunt.</strong></span> <span class='ocrx_word' id='word_1_424' title='bbox 500 4271 617 4344; x_wconf 41' lang='lat' dir='ltr'><strong>,Deteett</strong></span> <span class='ocrx_word' id='word_1_425' title='bbox 640 4277 735 4325; x_wconf 75' lang='lat' dir='ltr'><strong>ocreae-</strong></span> <span class='ocrx_word' id='word_1_426' title='bbox 745 4273 845 4327; x_wconf 78' lang='lat' dir='ltr'><strong>ocsrtem</strong></span> <span class='ocrx_word' id='word_1_427' title='bbox 869 4287 898 4322; x_wconf 87' lang='lat' dir='ltr'><strong>eo</strong></span> <span class='ocrx_word' id='word_1_428' title='bbox 909 4273 995 4338; x_wconf 75' lang='lat' dir='ltr'><strong>-tpso,</strong></span> <span class='ocrx_word' id='word_1_429' title='bbox 1009 4275 1172 4339; x_wconf 60' lang='lat' dir='ltr'><strong>tentamento</strong></span> <span class='ocrx_word' id='word_1_430' title='bbox 1196 4281 1221 4325; x_wconf 77' lang='lat' dir='ltr'><strong>et</strong></span> <span class='ocrx_word' id='word_1_431' title='bbox 1237 4289 1408 4326; x_wconf 80' lang='lat' dir='ltr'><strong>eonsumma-</strong></span> 
     </span>
     <span class='ocr_line' id='line_1_44' title="bbox 184 4337 1410 4412; baseline 0.007 -24"><span class='ocrx_word' id='word_1_432' title='bbox 184 4339 263 4402; x_wconf 80' lang='lat' dir='ltr'><strong>tr&#39;oae,</strong></span> <span class='ocrx_word' id='word_1_433' title='bbox 279 4337 462 4403; x_wconf 63' lang='lat' dir='ltr'><strong>noarjotlcaeto</strong></span> <span class='ocrx_word' id='word_1_434' title='bbox 480 4339 545 4403; x_wconf 83' lang='lat' dir='ltr'><strong>lepis</strong></span> <span class='ocrx_word' id='word_1_435' title='bbox 561 4339 706 4402; x_wconf 70' lang='lat' dir='ltr'><strong>verrentem,</strong></span> <span class='ocrx_word' id='word_1_436' title='bbox 727 4341 773 4390; x_wconf 87' lang='lat' dir='ltr'><strong>sed</strong></span> <span class='ocrx_word' id='word_1_437' title='bbox 791 4355 900 4391; x_wconf 75' lang='lat' dir='ltr'><strong>euremaro</strong></span> <span class='ocrx_word' id='word_1_438' title='bbox 920 4339 1114 4406; x_wconf 76' lang='lat' dir='ltr'><strong>srtbtrnbendo,</strong></span> <span class='ocrx_word' id='word_1_439' title='bbox 1133 4349 1246 4410; x_wconf 56' lang='lat' dir='ltr'><strong>propter</strong></span> <span class='ocrx_word' id='word_1_440' title='bbox 1263 4344 1410 4412; x_wconf 64' lang='lat' dir='ltr'><strong>peramica*</strong></span> 
     </span>
     <span class='ocr_line' id='line_1_45' title="bbox 184 4407 1391 4468; baseline 0.008 -11"><span class='ocrx_word' id='word_1_441' title='bbox 184 4421 217 4458; x_wconf 81' lang='lat' dir='ltr'><strong>eo</strong></span> <span class='ocrx_word' id='word_1_442' title='bbox 235 4413 301 4458; x_wconf 80' lang='lat' dir='ltr'><strong>noeto</strong></span> <span class='ocrx_word' id='word_1_443' title='bbox 320 4413 344 4456; x_wconf 87' lang='lat' dir='ltr'><strong>et</strong></span> <span class='ocrx_word' id='word_1_444' title='bbox 365 4409 406 4458; x_wconf 83' lang='lat' dir='ltr'><strong>cni</strong></span> <span class='ocrx_word' id='word_1_445' title='bbox 422 4407 545 4458; x_wconf 78' lang='lat' dir='ltr'><strong>morienti</strong></span> <span class='ocrx_word' id='word_1_446' title='bbox 562 4421 596 4456; x_wconf 79' lang='lat' dir='ltr'><strong>en</strong></span> <span class='ocrx_word' id='word_1_447' title='bbox 612 4408 747 4468; x_wconf 80' lang='lat' dir='ltr'><strong>primaeuo</strong></span> <span class='ocrx_word' id='word_1_448' title='bbox 767 4409 868 4460; x_wconf 84' lang='lat' dir='ltr'><strong>decreto</strong></span> <span class='ocrx_word' id='word_1_449' title='bbox 888 4417 947 4462; x_wconf 83' lang='lat' dir='ltr'><strong>erut</strong></span> <span class='ocrx_word' id='word_1_450' title='bbox 965 4413 1163 4466; x_wconf 81' lang='lat' dir='ltr'><strong>coarmaritnrn·</strong></span> <span class='ocrx_word' id='word_1_451' title='bbox 1384 4407 1391 4415; x_wconf 74' lang='grc'><strong>”</strong></span> 
     </span>
    </p>
   </div>
   <div class='ocr_carea' id='block_1_24' title="bbox 252 4471 1274 4546">
    <p class='ocr_par' dir='ltr' id='par_1_25' title="bbox 252 4459 1307 4546">
     <span class='ocr_line' id='line_1_46' title="bbox 252 4471 1274 4546; baseline 0.016 -38"><span class='ocrx_word' id='word_1_452' title='bbox 252 4471 312 4543; x_wconf 61' lang='lat' dir='ltr'><strong>aas)</strong></span> <span class='ocrx_word' id='word_1_453' title='bbox 333 4473 459 4528; x_wconf 80' lang='lat' dir='ltr'><strong>tortitutt.</strong></span> <span class='ocrx_word' id='word_1_454' title='bbox 481 4473 541 4524; x_wconf 77' lang='lat' dir='ltr'><strong>niso.</strong></span> <span class='ocrx_word' id='word_1_455' title='bbox 565 4473 655 4536; x_wconf 68' lang='lat' dir='ltr'><strong>ceree.</strong></span> <span class='ocrx_word' id='word_1_456' title='bbox 674 4475 746 4543; x_wconf 69' lang='lat' dir='ltr'><strong>unp.</strong></span> <span class='ocrx_word' id='word_1_457' title='bbox 764 4475 885 4545; x_wconf 74' lang='lat' dir='ltr'><strong>(seinse.</strong></span> <span class='ocrx_word' id='word_1_458' title='bbox 907 4477 998 4542; x_wconf 79' lang='lat' dir='ltr'><strong>nee)</strong></span> <span class='ocrx_word' id='word_1_459' title='bbox 1016 4493 1046 4546; x_wconf 52' lang='lat' dir='ltr'><strong>pr</strong></span> <span class='ocrx_word' id='word_1_460' title='bbox 1062 4479 1136 4536; x_wconf 81' lang='lat' dir='ltr'><strong>see.·-</strong></span> <span class='ocrx_word' id='word_1_461' title='bbox 1202 4499 1216 4506; x_wconf 86' lang='lat'><strong>··</strong></span> <span class='ocrx_word' id='word_1_462' title='bbox 1268 4497 1274 4506; x_wconf 88' lang='lat'>-</span> 
     </span>
    </p>
   </div>
   <div class='ocr_carea' id='block_1_25' title="bbox 0 0 1462 4904">
    <p class='ocr_par' dir='ltr' id='par_1_26' title="bbox 0 0 1462 4904">
     <span class='ocr_line' id='line_1_47' title="bbox 0 0 1462 4904; baseline 0 4"><span class='ocrx_word' id='word_1_463' title='bbox 0 0 1462 4904; x_wconf 95' lang='lat' dir='ltr'><strong> </strong></span> 
     </span>
    </p>
   </div>
   <div class='ocr_carea' id='block_1_26' title="bbox 83 1929 1455 2473">
    <p class='ocr_par' dir='ltr' id='par_1_27' title="bbox 83 1929 1455 2473">
     <span class='ocr_line' id='line_1_48' title="bbox 190 1929 1455 2014; baseline 0.005 -24"><span class='ocrx_word' id='word_1_464' title='bbox 190 1929 315 2012; x_wconf 53' lang='lat' dir='ltr'><strong>haberet*</strong></span> <span class='ocrx_word' id='word_1_465' title='bbox 327 1930 601 2011; x_wconf 85' lang='lat' dir='ltr'><strong>persuasissimum,</strong></span> <span class='ocrx_word' id='word_1_466' title='bbox 619 1931 728 1991; x_wconf 89' lang='lat' dir='ltr'><strong>nullam</strong></span> <span class='ocrx_word' id='word_1_467' title='bbox 747 1931 931 2006; x_wconf 87' lang='lat' dir='ltr'><strong>societatem,</strong></span> <span class='ocrx_word' id='word_1_468' title='bbox 949 1931 1123 2012; x_wconf 84' lang='lat' dir='ltr'><strong>simulatque</strong></span> <span class='ocrx_word' id='word_1_469' title='bbox 1142 1940 1248 1993; x_wconf 89' lang='lat' dir='ltr'><strong>certam</strong></span> <span class='ocrx_word' id='word_1_470' title='bbox 1266 1936 1420 2014; x_wconf 77' lang='lat' dir='ltr'><strong>qnamdam</strong></span> <span class='ocrx_word' id='word_1_471' title='bbox 1454 1997 1455 2004; x_wconf 53' lang='lat'><strong>,</strong></span> 
     </span>
     <span class='ocr_line' id='line_1_49' title="bbox 95 2007 1455 2100; baseline 0.006 -22"><span class='ocrx_word' id='word_1_472' title='bbox 95 2075 99 2084; x_wconf 81' lang='grc'>,</span> <span class='ocrx_word' id='word_1_473' title='bbox 170 2011 346 2097; x_wconf 75' lang='lat' dir='ltr'><strong>,religionis</strong></span> <span class='ocrx_word' id='word_1_474' title='bbox 363 2019 483 2098; x_wconf 85' lang='lat' dir='ltr'><strong>formam</strong></span> <span class='ocrx_word' id='word_1_475' title='bbox 502 2019 673 2098; x_wconf 83' lang='lat' dir='ltr'><strong>susceperit,</strong></span> <span class='ocrx_word' id='word_1_476' title='bbox 688 2007 861 2080; x_wconf 87' lang='lat' dir='ltr'><strong>ceremoniis</strong></span> <span class='ocrx_word' id='word_1_477' title='bbox 878 2038 1000 2098; x_wconf 77' lang='lat' dir='ltr'><strong>prorsus</strong></span> <span class='ocrx_word' id='word_1_478' title='bbox 1019 2040 1119 2080; x_wconf 83' lang='lat' dir='ltr'><strong>carere</strong></span> <span class='ocrx_word' id='word_1_479' title='bbox 1136 2023 1232 2100; x_wconf 89' lang='lat' dir='ltr'><strong>posse,</strong></span> <span class='ocrx_word' id='word_1_480' title='bbox 1245 2019 1308 2100; x_wconf 91' lang='lat' dir='ltr'><strong>ipse</strong></span> <span class='ocrx_word' id='word_1_481' title='bbox 1328 2023 1421 2086; x_wconf 89' lang='lat' dir='ltr'><strong>binos</strong></span> <span class='ocrx_word' id='word_1_482' title='bbox 1454 2057 1455 2096; x_wconf 57' lang='lat'><strong>,</strong></span> 
     </span>
     <span class='ocr_line' id='line_1_50' title="bbox 190 2105 1455 2190; baseline 0.004 -24"><span class='ocrx_word' id='word_1_483' title='bbox 190 2105 265 2167; x_wconf 82' lang='lat' dir='ltr'><strong>uitus</strong></span> <span class='ocrx_word' id='word_1_484' title='bbox 279 2105 476 2167; x_wconf 88' lang='lat' dir='ltr'><strong>&#39;sectatoribus</strong></span> <span class='ocrx_word' id='word_1_485' title='bbox 493 2106 555 2167; x_wconf 89' lang='lat' dir='ltr'><strong>suis</strong></span> <span class='ocrx_word' id='word_1_486' title='bbox 574 2105 775 2186; x_wconf 82' lang='lat' dir='ltr'><strong>praescripsit,</strong></span> <span class='ocrx_word' id='word_1_487' title='bbox 796 2105 966 2186; x_wconf 88' lang='lat' dir='ltr'><strong>baptismum</strong></span> <span class='ocrx_word' id='word_1_488' title='bbox 985 2113 1012 2166; x_wconf 90' lang='lat' dir='ltr'><strong>et</strong></span> <span class='ocrx_word' id='word_1_489' title='bbox 1028 2127 1148 2167; x_wconf 89' lang='lat' dir='ltr'><strong>coenam</strong></span> <span class='ocrx_word' id='word_1_490' title='bbox 1165 2129 1200 2182; x_wconf 88' lang='lat' dir='ltr'><strong>s.,</strong></span> <span class='ocrx_word' id='word_1_491' title='bbox 1220 2129 1343 2189; x_wconf 85' lang='lat' dir='ltr'><strong>qnorum</strong></span> <span class='ocrx_word' id='word_1_492' title='bbox 1362 2133 1423 2190; x_wconf 87' lang='lat' dir='ltr'><strong>per</strong></span> <span class='ocrx_word' id='word_1_493' title='bbox 1454 2117 1455 2124; x_wconf 76' lang='grc'>’</span> 
     </span>
     <span class='ocr_line' id='line_1_51' title="bbox 192 2191 1455 2274; baseline 0.005 -22"><span class='ocrx_word' id='word_1_494' title='bbox 192 2192 313 2254; x_wconf 84' lang='lat' dir='ltr'><strong>alterum</strong></span> <span class='ocrx_word' id='word_1_495' title='bbox 332 2194 462 2274; x_wconf 86' lang='lat' dir='ltr'><strong>lronrines</strong></span> <span class='ocrx_word' id='word_1_496' title='bbox 480 2192 593 2272; x_wconf 77' lang='lat' dir='ltr'><strong>ingredi</strong></span> <span class='ocrx_word' id='word_1_497' title='bbox 612 2193 640 2252; x_wconf 93' lang='lat' dir='ltr'><strong>in</strong></span> <span class='ocrx_word' id='word_1_498' title='bbox 661 2191 816 2254; x_wconf 91' lang='lat' dir='ltr'><strong>ecclesiam</strong></span> <span class='ocrx_word' id='word_1_499' title='bbox 833 2213 916 2254; x_wconf 81' lang='lat' dir='ltr'><strong>stram</strong></span> <span class='ocrx_word' id='word_1_500' title='bbox 930 2193 1028 2274; x_wconf 90' lang='lat' dir='ltr'><strong>jussit,</strong></span> <span class='ocrx_word' id='word_1_501' title='bbox 1041 2193 1226 2274; x_wconf 87' lang='lat' dir='ltr'><strong>peralterum</strong></span> <span class='ocrx_word' id='word_1_502' title='bbox 1245 2197 1417 2260; x_wconf 89' lang='lat' dir='ltr'><strong>memoriam</strong></span> <span class='ocrx_word' id='word_1_503' title='bbox 1454 2235 1455 2248; x_wconf 44' lang='grc' dir='ltr'>ι</span> 
     </span>
     <span class='ocr_line' id='line_1_52' title="bbox 185 2273 1455 2364; baseline 0.004 -24"><span class='ocrx_word' id='word_1_504' title='bbox 185 2273 237 2340; x_wconf 69' lang='lat' dir='ltr'><strong>&#39;sui</strong></span> <span class='ocrx_word' id='word_1_505' title='bbox 257 2278 416 2359; x_wconf 64' lang='lat' dir='ltr'><strong>pia&#39;meute</strong></span> <span class='ocrx_word' id='word_1_506' title='bbox 434 2303 586 2343; x_wconf 88' lang='lat' dir='ltr'><strong>renovare.</strong></span> <span class='ocrx_word' id='word_1_507' title='bbox 615 2281 673 2342; x_wconf 86' lang='lat' dir='ltr'><strong>Sed</strong></span> <span class='ocrx_word' id='word_1_508' title='bbox 692 2281 824 2342; x_wconf 83' lang='lat' dir='ltr'><strong>neutrius</strong></span> <span class='ocrx_word' id='word_1_509' title='bbox 840 2281 1033 2342; x_wconf 86' lang='lat' dir='ltr'><strong>observationi</strong></span> <span class='ocrx_word' id='word_1_510' title='bbox 1050 2293 1158 2342; x_wconf 88' lang='lat' dir='ltr'><strong>certum</strong></span> <span class='ocrx_word' id='word_1_511' title='bbox 1176 2287 1318 2364; x_wconf 90' lang='lat' dir='ltr'><strong>quendam</strong></span> <span class='ocrx_word' id='word_1_512' title='bbox 1337 2306 1419 2345; x_wconf 89' lang='lat' dir='ltr'><strong>con-</strong></span> <span class='ocrx_word' id='word_1_513' title='bbox 1454 2279 1455 2290; x_wconf 46' lang='lat'>¹</span> 
     </span>
     <span class='ocr_line' id='line_1_53' title="bbox 83 2367 1455 2473; baseline -0.002 -42"><span class='ocrx_word' id='word_1_514' title='bbox 83 2435 88 2458; x_wconf 28' lang='grc' dir='ltr'><em>Ι</em></span> <span class='ocrx_word' id='word_1_515' title='bbox 137 2415 142 2424; x_wconf 72' lang='grc'>.</span> <span class='ocrx_word' id='word_1_516' title='bbox 176 2367 285 2454; x_wconf 63' lang='lat' dir='ltr'><strong>‘stituit</strong></span> <span class='ocrx_word' id='word_1_517' title='bbox 302 2367 410 2454; x_wconf 59' lang='lat' dir='ltr'><strong>diem.¹</strong></span> <span class='ocrx_word' id='word_1_518' title='bbox 433 2369 531 2444; x_wconf 78' lang='lat' dir='ltr'><strong>Quare</strong></span> <span class='ocrx_word' id='word_1_519' title='bbox 549 2368 1034 2450; x_wconf 76' lang='lat' dir='ltr'><strong>praeclarellloshemius***)</strong></span> <span class='ocrx_word' id='word_1_520' title='bbox 1053 2367 1177 2430; x_wconf 88' lang='lat' dir='ltr'><strong>libertati</strong></span> <span class='ocrx_word' id='word_1_521' title='bbox 1195 2381 1223 2431; x_wconf 91' lang='lat' dir='ltr'><strong>et</strong></span> <span class='ocrx_word' id='word_1_522' title='bbox 1240 2373 1418 2473; x_wconf 88' lang='lat' dir='ltr'><strong>prudentiae</strong></span> <span class='ocrx_word' id='word_1_523' title='bbox 1454 2425 1455 2428; x_wconf 74' lang='grc'>,</span> 
     </span>
    </p>
   </div>
  </div>
 </body>
</html>
