2962 4898
417 247 454 308 de
470 246 571 310 causis
587 195 842 330 ritus'psscbnlis
888 342 891 350 1
1173 247 1255 349 Ἢ,

9 435 64 480 ,ex
74 401 307 479 Christianorum
324 417 442 499 templis
455 406 668 502 ¹proseibeados
680 421 852 484 referendus
868 413 1032 492 certissime
1048 429 1094 482 ost
1104 419 1240 508 ¹ineptis·-x

23 505 124 565 simos
142 501 193 566 ille
207 504 291 566 risos
307 506 465 586 paschalis,
488 508 538 589 qui
555 506 623 570 olim
640 508 785 570 increbuit
802 521 830 571 et
845 511 942 570 adhuc
958 507 1033 569 inter
1049 510 1236 576 aduersarius
1278 557 1282 562 -

23 591 160 672 rigavi,
190 592 277 674 cnjus
301 613 408 656 causas
434 596 558 658 breviter
587 614 652 658 sum
677 597 894 658 enucleatores.
939 593 1023 658 Patet
1046 593 1234 660 historiarum

23 679 251 759 indagatoribus
269 691 300 742 et
314 681 437 744 manime
454 681 595 745 historiae
613 681 835 746 ecclesiasticae
852 683 1075 756 serutatoribus,
1092 686 1167 764 quod
1178 703 1235 747 au-

24 766 203 848 tiquiorilms
220 769 399 848 temporibus
417 769 637 832 concionatores
659 771 757 856 populi
778 771 952 854 applausum
970 773 1125 833 admodum
1142 771 1236 853 appe-

23 853 141 916 tiverint
158 854 294 936 ornnique
310 856 404 920 sturlio
422 865 451 918 et
466 857 596 920 adhibita
612 859 700 920 simul
718 880 806 937 opera
824 855 983 921 conciliare
995 871 1022 920 et
1035 860 1119 940 quasi
1131 859 1237 922 elicere
1285 909 1291 917 .

22 941 233 1006 laboraverint.
279 943 452 1006 Transierat
477 965 538 1006 mos
563 940 802 1028 isteaperversus
826 959 856 1008 et
879 945 1021 1008 ridiculus
1037 965 1056 1006 a
1072 945 1195 1008 theatris
1207 957 1239 1010 et
1341 957 1348 966 ’

24 1029 185 1118 cornoediis
210 1030 341 1110 gentium
364 1032 424 1092 reri
445 1031 500 1092 Dei
523 1032 693 1112 ignamrum
718 1035 748 1094 in
773 1034 1006 1100 Christianorum
1030 1033 1137 1114 templa
1162 1049 1238 1096 ssu-f

24 1115 167 1194 ctissime,
183 1129 321 1199 quantum
338 1119 409 1180 licet
422 1119 570 1200 conjicere
588 1141 624 1183 ex
642 1115 757 1182 illorum
775 1132 934 1202 temporum
953 1120 1067 1184 ratione
1091 1132 1120 1183 et
1145 1121 1237 1184 mori-

23 1207 92 1264 bus.
138 1205 232 1266 Sicuti
250 1206 318 1267 aliis
334 1217 397 1268 erat
412 1206 574 1288 despicatui
593 1219 621 1269 et
639 1210 794 1270 contemtui
812 1209 880 1290 ille,
908 1209 956 1290 qui
980 1209 1011 1270 in
1027 1227 1153 1270 scenam·
1165 1229 1240 1292 proa

25 1293 120 1352 dierat
136 1303 165 1353 et
180 1289 238 1354 non
254 1294 453 1374 applaudente
466 1289 556 1356 illinc
573 1295 752 1358 discesserat
767 1296 893 1378 populo,
923 1295 1012 1366 veluti
1036 1317 1073 1367 ex
1088 1295 1192 1358 Plauto
1209 1306 1238 1362 et

24 1379 168 1440 'Ferentio
182 1393 326 1464 apparet:
354 1382 396 1444 sie
411 1381 642 1462 indignabantur
657 1395 787 1446 oratores
805 1385 881 1453 sacri
900 1402 1034 1466 quoque,
1051 1383 1159 1466 quibus
1176 1403 1239 1446 nos

25 1465 225 1548 applaudebat
241 1467 354 1530 concio.
398 1469 462 1530 Non
481 1469 626 1532 videbitur
642 1472 763 1549 mirum,
789 1471 833 1546 si,
859 1475 936 1554 quod
961 1471 1109 1550 prioribus
1126 1470 1240 1545 seculis·

26 1555 107 1616 multi
132 1553 338 1636 hujuscemodi
362 1567 491 1618 oratores
517 1579 554 1619 ex
579 1559 734 1638 gentilium
759 1557 868 1622 scholis
894 1559 1082 1640 prodierint,
1104 1558 1236 1622 curatius

25 1642 114 1722 paulo
132 1643 345 1722 perpendimus.
390 1643 477 1704 Malli
498 1665 569 1724 ergo
587 1645 713 1719 fuerunt,
740 1667 814 1727 quos
833 1647 948 1727 impulit
972 1649 1007 1708 ad
1026 1647 1238 1726 anquirendum

26 1751 90 1792 euru
109 1725 283 1810 applausum
306 1751 386 1792 amor
402 1731 458 1792 sibi
476 1731 600 1814 aliisque
617 1733 759 1814 placendi,
777 1735 917 1812 superbia
933 1746 962 1795 et
976 1731 1165 1811 arrogantia,
1187 1731 1239 1801 ,lo-

26 1817 160 1898 quaoitas
177 1828 205 1880 et
220 1817 357 1880 inscitia-
374 1817 542 1880 Istiusmodi
559 1819 682 1882 furfuris
701 1823 787 1881 bomo
809 1820 867 1880 latit
884 1822 1029 1902 quendam
1045 1819 1159 1880 Paulus
1174 1819 1237 1881 Sa·
1302 1881 1304 1886 .

25 1916 202 1981 nosatenus,
220 1925 280 1984 sec,
297 1905 348 1968 Ill.
365 1906 496 1968 doctrina
512 1906 588 1968 falsa
611 1907 786 1989 tumidisque
809 1907 938 1970 moribus
966 1917 995 1968 et
1018 1905 1116 1970 serbis
1139 1904 1236 1968 inela-

25 2013 164 2068 rescens,
183 1992 239 2073 qui
265 1993 342 2054 intra
359 1993 646 2072 ecclesiamlrerba-
661 2005 733 2070 suot,
746 1995 884 2073 Eusebii)
912 1989 1038 2058 tribunal
1066 1993 1122 2054 sibi
1147 1993 1238 2056 multo

26 2075 124 2158 altius,
145 2100 231 2160 quarn
248 2075 354 2157 iuerat,
372 2079 483 2142 exstrui
500 2091 528 2143 et
544 2081 678 2146 thronum
701 2083 730 2144 in
749 2082 966 2146 excelsioribus
982 2079 1121 2144 collocari
1139 2081 1238 2164 jussit,

25 2167 83 2248 qui,
104 2171 196 2230 rerba
212 2164 326 2229 iaciens
342 2171 378 2232 ad
395 2167 520 2250 plebem,
537 2170 648 2250 iactare
664 2190 754 2252 supra
770 2171 897 2249 modum,
915 2173 1045 2234 dextram
1063 2188 1101 2232 ao
1112 2169 1239 2253 palmam

24 2253 127 2316 femori
147 2251 271 2334 illidere,
289 2258 363 2336 pede
381 2277 497 2338 quoque
514 2256 680 2320 subsaltare
703 2278 739 2323 ac
756 2256 918 2320 scabellum
935 2257 1025 2319 ferire
1047 2277 1114 2318 cum
1138 2255 1238 2318 sonitu

25 2343 179 2404 consuerit
187 2343 241 2424 tl).
275 2344 341 2406 Non
354 2342 472 2424 quidem
489 2363 589 2406 omnes
607 2345 796 2406 emunctioris
814 2345 896 2406 naris
914 2345 967 2408 viri
987 2343 1125 2424 perverso
1141 2342 1192 2404 isti
1209 2351 1239 2404 et
1339 2345 1342 2353 ’

25 2427 141 2492 insulso
160 2425 354 2492 concionandi
369 2433 452 2492 modo
469 2451 554 2492 suum
571 2431 742 2512 adjecerunt
758 2429 922 2508 calculum,
946 2434 999 2493 sed
1025 2429 1155 2512 graviter
1180 2443 1237 2510 p'o-

25 2519 81 2580 tius
92 2521 131 2580 de
139 2517 215 2599 turpi
231 2516 288 2580 boc
307 2517 400 2581 seculi
416 2538 496 2582 more
513 2529 583 2580 suut
598 2519 749 2602 conquesti
760 2517 830 2597 m).
852 2519 937 2597 Quae
955 2539 1020 2580 cunr
1036 2517 1077 2578 ita
1093 2517 1161 2590 sint,
1173 2535 1238 2578 nort

24 2605 124 2686 inique
143 2608 320 2667 censendum
343 2615 404 2680 est,
429 2605 521 2668 ¹risum
544 2607 622 2668 hanc
648 2605 820 2687 paschalem
839 2619 935 2670 ortum
960 2615 988 2668 et
1014 2623 1138 2667 causam
1153 2603 1239 2685 quasi

23 2693 194 2774 palmariam
212 2688 318 2754 debere
334 2690 491 2773 applausui
507 2693 550 2754 illi
568 2693 708 2756 indecoro
736 2706 764 2756 et
788 2696 978 2775 portendose.
1012 2693 1079 2754 Non
1097 2690 1238 2770 exiguum

26 2782 111 2842 etiam
130 2781 218 2862 hujus
234 2780 313 2842 risam
331 2780 478 2860 paschalis
497 2801 615 2843 oausam
633 2781 838 2862 requirendam
855 2803 923 2844 esse
940 2782 971 2842 in
988 2779 1087 2860 spissa
1097 2793 1123 2841 et
1132 2797 1239 2842 crassa

24 2868 174 2930 bominum
190 2867 368 2948 ,ignoraretis
385 2865 539 2950 sequentia
554 2869 579 2929 si
600 2881 719 2949 spectes
736 2879 762 2931 et
775 2870 856 2950 justa
870 2868 976 2930 mentis
994 2866 1111 2928 trutina
1120 2867 1238 2948 ponde-

24 2953 72 3018 res
99 2956 212 3028 secula,
237 2955 336 3037 liquet,
362 2955 413 3016 ubi
440 2951 690 3018 Scholastica-um
711 2957 860 3038 inprimis,
886 2954 1100 3036 nundinantur,
1129 2973 1237 3034 nugae,

26 3043 189 3117 mendacia,
213 3043 402 3124 imposturae,
430 3041 573 3120 Qmenta
593 3051 621 3104 el
646 3045 760 3106 sommia
788 3063 889 3106 omnes
912 3043 1004 3104 ferme
1029 3049 1241 3122 oppresserunt

26 3143 131 3193 terras.
170 3131 417 3212 Quotusquisque
429 3129 504 3191 enim
523 3131 701 3210 eruditorum
716 3143 769 3204 est,
787 3153 870 3214 quern
886 3131 982 3208 inqiut
998 3127 1239 3206 corruptissimus

25 3219 149 3280 istorum
171 3231 331 3292 temporum
360 3228 468 3292 stratas,
494 3219 635 3280 bonarum
656 3219 814 3281 litterarum
840 3218 988 3296 ignoratio
1004 3227 1032 3278 et
1048 3215 1182 3296 litigandi
1204 3217 1239 3276 de

26 3309 115 3368 rebus
132 3304 286 3366 inutilibus
304 3304 454 3366 studiant
493 3303 689 3366 Nihilominus
708 3307 926 3368 admirationem
946 3303 1045 3384 populi
1063 3303 1241 3364 affectabant

25 3395 159 3454 homines
184 3393 356 3454 eruditionis
384 3411 487 3454 sacrae
504 3405 589 3474 atque
607 3393 747 3472 profanae
763 3393 879 3472 ignari,
903 3391 973 3452 hine
989 3394 1062 3452 adeo
1081 3390 1194 3453 nelarie
1212 3399 1240 3451 et

26 3482 149 3560 turpiter
168 3481 268 3556 nugati
288 3490 358 3542 sunt
372 3480 593 3542 concionatores
600 3478 754 3560 paschatis
767 3493 895 3560 tempore
913 3477 1064 3539 autlitoras
1082 3483 1171 3537 rebus
1188 3475 1240 3535 in-

25 3569 131 3637 lilibus,
145 3568 324 3650 decipientes
343 3578 371 3632 et
385 3570 423 3633 ad
440 3567 530 3632 risum
548 3589 651 3650 parum
667 3569 817 3630 honestum
836 3587 887 3652 eos
902 3559 1079 3649 inroitantesJ'
1103 3563 1238 3644 Optimus

22 3753 251 3768 W

95 3859 216 3928 ⁴*t-Vide
243 3861 274 3914 de
301 3862 350 3912 boc
374 3860 427 3912 riso
453 3859 734 3924 paschallqeoeratlm
762 3857 828 3910 llud.
858 3855 1042 3922 Hospinlaoum
1069 3851 1100 3905 ale
1129 3851 1242 3922 origine,

26 3931 175 4000 progressu,
197 3931 348 3985 ceremoniis
370 3937 396 3980 et
411 3927 502 3979 ritibus
525 3925 646 3980 festorum
667 3929 763 3980 dierum
784 3927 954 3978 Christianos.
975 3923 1020 3974 lol.
1040 3925 1083 3974 at.
1107 3923 1241 3976 Osculum·
1311 3963 1313 3975 ,

26 4003 86 4068 pud.
108 4019 150 4068 ep.
180 3997 210 4051 do
236 4001 290 4052 risu
316 3999 404 4066 psscb.
433 3998 470 4046 tin
492 3997 587 4048 Bnrcb.
608 3997 695 4050 Gottb.
715 3995 812 4048 Struvii
836 3991 971 4046 Thesauro
993 3989 1082 4043 ve'rise
1100 3989 1239 4066 eruditiori.

26 4087 80 4122 sec.
100 4061 173 4122 XVl.
193 4077 220 4122 et
234 4067 326 4130 X,Vll.¹
359 4105 365 4117 .
387 4069 460 4122 485.)
498 4065 529 4116 D.
551 4063 656 4118 Godol'r.
677 4065 792 4130 chner
807 4065 838 4115 de
855 4065 907 4114 risu
926 4061 1052 4130 paschali.
1076 4059 1239 4129 Regiomont.

28 4143 105 4192 1705.
127 4140 154 4190 it.
176 4135 281 4190 Gabriel
301 4085 521 4208 uulnitttaneto
540 4131 619 4188 Posse
640 4142 755 4204 paetout
774 4137 805 4192 de
826 4131 931 4196 l’sgtiee
951 4129 1073 4184 Romulos
1094 4138 1145 4185 etc.
1174 4133 1239 4202 p-l.

25 4224 51 4276 p.
73 4209 135 4262 423.
156 4207 263 4260 etalio.
342 4255 347 4262 ⁴

96 4289 666 4360 Ἥαὼπψηψῃῆ,
841 4349 846 4360 ⁸
1062 4325 1238 4348 „„‚

93 4379 157 4442 ***)
180 4379 327 4448 hieronym.
349 4379 375 4429 in
398 4393 439 4444 ep.
454 4377 486 4427 ad
504 4373 642 4444 Nepotlen.
662 4375 688 4426 2.
703 4373 840 4439 Angustia.
860 4373 897 4428 ‹te-
910 4373 961 4426 civ.
981 4371 1030 4428 bel
1047 4373 1074 4440 4,
1098 4373 1139 4428 16.
1159 4371 1242 4436 libre·¹

25 4457 158 4503 sostomus
178 4457 205 4502 et
224 4447 341 4503 sexcenti
362 4449 418 4499 elii.
753 4449 772 4491 .“
846 4491 848 4498 ,
890 4485 894 4492 .
1076 4473 1080 4480 -
1165 4483 1168 4490 .

73 4537 139 4577 Teon.
153 4537 257 4585 antiquitt.
269 4536 393 4575 carinam
827 4547 830 4552 ι
974 4550 978 4561 t
1003 4531 1042 4596 ¹⁷

1318 4453 1342 4486 χ
1374 4465 1375 4474 a
