2916 4904
172 133 238 302 'aa
279 307 282 314 ι
393 273 404 314 ,¹
435 303 445 320 ι
658 207 918 294 Afliltlebrand

194 382 308 450 incidit.
340 379 412 448 Fuit
428 383 528 449 Lucas
544 381 686 457 oriundus
697 380 863 460 Antiochia,
875 381 981 464 Syriae
999 381 1163 464 metropoli,
1179 403 1218 449 ori
1233 381 1454 476 septugiutq

196 469 352 560 discipulis
368 467 489 546 Christi,
507 468 552 532 rel
570 478 649 530 certe
665 469 871 550 Apostolorum
888 469 1114 551 dissipaberis
1131 471 1350 548 doctissimus,
1370 493 1454 551 pros

195 558 327 622 fossione
343 557 476 620 medicus
493 551 559 618 coi.
571 553 603 632 t,
625 559 675 620 14.
697 556 818 618 'Faetus
837 567 938 638 postea
954 558 1086 621 medicus
1103 559 1222 624 animae
1240 561 1325 627 duos
1346 558 1454 638 libelq

197 645 243 708 los
259 635 499 711 θεοπνεύστους
523 662 633 724 eosque
657 643 976 735 historieop'coudiditq
1000 645 1076 708 alter
1103 656 1149 708 est
1165 645 1395 726 evangelium,
1418 647 1454 720 iiq

131 711 144 734 ⁸
197 753 255 816 qun
269 728 421 792 historiam
446 728 523 791 ritae
541 728 651 804 Christi
677 731 890 812 prosequitur„
906 729 982 794 altor
1008 743 1053 794 est
1068 733 1202 806 historia¹
1219 732 1454 808 eedesiastiril

198 819 234 884 de
251 817 324 880 artis
340 812 560 896 Apostolorum,
577 817 748 898 praesertim
759 817 855 896 Pauli,
873 820 960 901 eujus
977 830 1140 900 perpetuus
1157 820 1225 884 iore
1240 841 1352 884 comes
1372 821 1454 908 fuir,

195 901 389 982 Euangeliou
408 901 475 982 ejus
492 904 566 965 adeo
583 903 677 967 fertur
691 905 824 986 apostolo
841 906 933 968 Paulo
949 905 1118 987 placuisse,
1135 918 1169 970 ut
1183 929 1238 990 pro
1253 929 1315 970 suo
1329 929 1432 986 siguo

188 982 276 1055 ¹iierit.
309 986 387 1048 Hinc
405 987 521 1067 quoties
537 989 650 1053 Paulus
666 991 697 1052 iu
713 992 846 1074 epistolis
864 996 899 1056 ad
917 994 1106 1074 euangelium
1122 1007 1272 1082 prouocat,
1292 937 1454 1076 erengei

195 1073 265 1136 lium
282 1074 384 1134 Lucae
401 1082 509 1154 putant
525 1075 662 1158 intelligi.
680 1117 718 1128 -
744 1079 771 1160 ξ.
791 1081 820 1144 2.
845 1081 891 1144 Ile
910 1091 1024 1144 caetero
1041 1081 1120 1146 idern
1138 1083 1242 1147 Lucas
1258 1083 1371 1154 uiator
1390 1084 1454 1170 illel

194 1158 398 1238 Emauntieus,
415 1159 569 1242 Cleopbae
586 1185 693 1240 coines,
710 1161 759 1228 cui
771 1168 917 1230 Dominus
934 1168 965 1230 in
981 1169 1030 1232 ria
1046 1171 1192 1250 apparuit,
1209 1170 1313 1235 feisse
1331 1172 1454 1252 urredi-q

195 1259 251 1323 tur,
264 1249 316 1308 sed
335 1267 402 1308 oum
418 1247 483 1326 ipse
499 1247 576 1312 bario
592 1249 742 1320 historiam
759 1253 910 1332 scriberet,
920 1277 1026 1318 nomen
1043 1276 1131 1320 suum
1148 1257 1319 1321 modestiae
1338 1269 1454 1342 causat

194 1333 361 1396 reticuisse.
394 1332 492 1396 Fama
514 1357 600 1416 porro
625 1351 686 1416 est,
711 1339 852 1419 pictorem
875 1341 971 1404 fuisse
996 1351 1024 1404 et
1047 1342 1196 1422 imagines
1214 1343 1335 1409 Christi
1364 1350 1454 1426 et'ba

194 1419 336 1498 Virginis,
354 1439 431 1500 quae
449 1423 545 1484 adhue
556 1424 669 1486 Romae
685 1430 887 1506 ostenduntur,
900 1429 1090 1509 depinxisso3
1107 1433 1162 1492 sed
1179 1432 1272 1513 liuius
1291 1433 1338 1494 roi
1360 1431 1454 1496 fidosi

43 1489 44 1496 ἵ
154 1511 158 1520 ’
194 1505 232 1568 sit
247 1525 339 1586 penes
365 1516 528 1573 auctorem.
548 1544 588 1556 -
613 1511 640 1593 ᾗ.
657 1513 687 1574 3’.
711 1513 791 1576 Obiit
804 1516 905 1576 Luras
929 1516 959 1576 in
975 1517 1130 1599 Bithynia,
1155 1528 1244 1581 natus
1261 1540 1368 1587 annos
1388 1520 1454 1586 Sti-4

194 1589 295 1672 ibique
311 1591 449 1672 sepultus
468 1605 521 1658 est
556 1597 634 1660 Ossa
651 1599 714 1680 ojus
732 1623 798 1662 euni
811 1603 946 1664 Andreae
963 1613 992 1663 et
1004 1603 1154 1674 Timothei
1173 1606 1298 1669 ossibus
1317 1628 1350 1672 a.
1367 1607 1454 1673 Cbr.i

192 1677 266 1748 375.
284 1675 572 1762 Constantinopolim
590 1683 781 1765 dotata-osso,
798 1689 987 1754 Hennannus
1003 1691 1185 1754 Contractus
1201 1693 1308 1759 refert,
1325 1747 1326 1752 ,
1453 1755 1454 1758 ,

279 1763 439 1828 Festum
469 1767 648 1830 Simonis
675 1783 711 1834 et
730 1775 868 1848 dudae.
901 1777 969 1838 Duo
993 1778 1024 1838 lii
1047 1779 1454 1862 suntapostoli,quorum

192 1848 303 1911 diesin
319 1850 398 1932 diem
416 1855 696 1938 duodetrigesimum
713 1863 810 1924 octob.
826 1862 937 1941 incidit,
962 1861 1066 1928 Simon
1085 1865 1270 1937 cananaeus
1288 1876 1321 1930 et
1338 1870 1454 1940 toras,

191 1932 384 2036 Thoddpens.
416 1939 464 2002 De
479 1941 556 2004 luda
573 1944 704 2022 traditur,
722 1950 799 2027 quod
815 1950 985 2028 Abgarum,
1001 1973 1103 2031 regem
1120 1953 1260 2026 Edessae
1278 1955 1316 2016 iu
1332 1956 1437 2036 Spria,

191 2021 242 2102 qui
259 2024 296 2082 ad
313 2023 411 2102 ipsum
429 2025 619 2092 Servatorciu
633 2029 736 2096 literas
753 2035 871 2098 dedisse
887 2037 982 2101 fertur
998 2042 1075 2119 apud
1091 2040 1273 2118 Eusebium,
1289 2043 1436 2123 baptiza-

189 2105 240 2170 rit.
274 2106 379 2170 Eidem
397 2111 537 2176 tribuitur
554 2116 678 2196 epistola
693 2121 803 2198 Judae,
829 2143 905 2204 quae
921 2124 991 2202 lieet
1007 2146 1044 2188 cir
1060 2126 1199 2192 Henoelii
1214 2127 1296 2198 libro
1311 2130 1436 2210 perdito

189 2191 360 2256 vaticinium
372 2195 494 2278 alleget,
508 2204 625 2264 omnino
643 2215 739 2266 mineo
756 2218 801 2271 ost
823 2211 978 2281 canoniea.
1002 2212 1074 2277 Post
1090 2213 1303 2281 meensioiiem
1316 2216 1434 2280 Cirristi

188 2275 335 2350 Judasiin
352 2281 573 2366 Mesopotamia
599 2300 627 2352 et
652 2292 681 2368 in
698 2293 810 2369 Ponto,
834 2296 936 2358 Simon
959 2295 992 2370 i'uv
1014 2300 1148 2382 Aegypto
1173 2300 1288 2376 docuit.
1321 2303 1437 2366 Postea

117 2413 126 2422 .
190 2365 340 2452 conjuncti
357 2368 387 2429 iu
404 2368 541 2436 Persium
558 2379 709 2454 abierunt,
735 2382 787 2442 ubi
804 2387 886 2444 varia
904 2386 1063 2456 certamina
1080 2408 1147 2452 eum
1166 2389 1265 2470 iungis
1283 2391 1387 2454 Zoroe
1406 2403 1437 2454 et

190 2451 312 2530 Arpliax
328 2455 504 2536 subieruut;
521 2465 574 2524 sed
591 2465 716 2545 apostoli
733 2488 838 2549 magos
855 2474 928 2534 adeo
945 2485 1134 2552 superarunt,
1151 2487 1304 2556 introgerit
1322 2477 1429 2557 insutu
1453 2527 1454 2530 ¹

169 2569 173 2577 s
188 2539 383 2600 converterint
400 2553 429 2600 ct
446 2554 559 2606 tantum
576 2570 634 2611 uon
651 2573 703 2630 pro
721 2553 777 2614 diis
794 2557 885 2624 babiti
902 2558 1022 2622 suerint.
1050 2549 1251 2642 Ad'ipsoruru
1267 2563 1349 2627 enini
1366 2585 1432 2626 nu-

188 2629 249 2678 tuin
266 2622 426 2718 daemones
446 2649 484 2688 ex
510 2631 598 2692 idolis
625 2639 708 2697 modo
732 2636 823 2702 locuti
847 2655 916 2704 sunt
940 2648 1025 2711 modo
1051 2657 1217 2714 tacuerunt.
1251 2649 1328 2720 Cum
1346 2653 1454 2732 magi,

90 2783 93 2788 Ι
154 2733 159 2742 =
187 2701 265 2802 bella
282 2719 468 2802 minarentur
478 2714 592 2792 Persis,
599 2719 730 2796 apostoli
743 2744 845 2800 paoem
862 2731 1081 2808 praedicarunt.
1113 2737 1249 2818 Contigit
1265 2737 1431 2820 aliquando

185 2797 218 2848 nt
235 2791 356 2874 tigrides
374 2814 390 2852 o
408 2814 501 2894 cavea
519 2797 707 2886 elaberentur
724 2828 790 2872 eum
808 2834 916 2894 magno
932 2817 1061 2901 impetu,
1081 2823 1264 2889 obviantium
1281 2825 1430 2906 periculo.

176 2871 292 2972 ³Verum
308 2879 438 2954 apostoli
454 2882 578 2964 trigides
596 2888 675 2950 velut
690 2912 758 2955 ores
775 2918 863 2962 mauu
879 2904 1037 2984 duxeruut,
1056 2909 1210 2984 dieentes:
1228 2919 1302 2988 Ecce
1316 2918 1372 2978 bae
1385 2924 1427 2978 it-

180 2961 281 3060 ,parides⁶
291 2967 321 3020 tii
338 2971 452 3027 nomiae
471 2973 576 3032 Glorisii
592 2981 802 3052 aienseefootoe
824 2999 890 3048 suat
906 3001 931 3054 et
946 3013 996 3057 ooo
1012 2998 1051 3056 ud
1070 2999 1216 3062 Obsistere
1232 2985 1357 3071 mouenti
1371 3025 1429 3066 aori

184 3043 290 3104 cattis?
321 3045 459 3142 Taudem
479 3073 549 3150 rero
568 3077 632 3117 cum
650 3059 681 3119 in
697 3062 803 3130 Persia
820 3073 871 3133 diu
886 3078 1122 3160 praedicassent,
1139 3085 1170 3144 in
1189 3087 1267 3160 urbe
1285 3067 1375 3157 Eeuir
1391 3096 1428 3152 ad

183 3133 307 3184 statuam
325 3127 399 3188 solis
417 3133 498 3228 ducti
516 3148 595 3218 suot,
612 3154 643 3204 ut
656 3165 747 3240 ¹sacra
764 3156 819 3224 soli
837 3159 977 3238 facerent.
1011 3167 1071 3232 Sed
1089 3173 1126 3233 ad
1145 3193 1254 3252 preces
1273 3177 1427 3256 apostolo·
1453 3185 1454 3192 ’

159 3243 162 3248 “
182 3227 245 3270 111111
262 3209 422 3272 (1111110118
438 3221 500 3319 sub
510 3224 686 3315 Aethiopum
702 3235 797 3305 ferina
813 3247 986 3322 prodierunt
998 3263 1026 3314 ot
1044 3267 1174 3322 statuam
1187 3260 1263 3326 solis
1276 3245 1336 3343 ipsi
1353 3285 1426 3329 cou-

769 3326 873 3410 ffensi,
899 3347 1057 3420 utruurque
1072 3345 1243 3424 apostolum
1258 3349 1351 3430 juxta
1363 3364 1425 3416 sta-

776 3418 862 3478 ouibo
888 3425 996 3486 eodenr
1015 3427 1063 3489 die
1089 3443 1237 3514 martyres
1263 3437 1425 3517 siutiaeti,

778 3511 824 3562 est
841 3507 959 3607 natalis.
995 3513 1085 3577 Hauc
1110 3519 1422 3591 historiamiiebraire

178 3642 377 3700 consignasse
395 3637 511 3722 ferturq
536 3657 615 3718 unde
629 3586 1248 3753 ’nogddiiiiaEddqiidirlssiteiiiimidelsalius
1267 3612 1424 3760 {Almus

179 3707 279 3769 tabunt
295 3717 391 3778 tamen
417 3725 447 3786 h.
465 3729 485 3790 Ι.
511 3754 552 3796 ss.
570 3743 679 3827 antiqq.
698 3753 840 3831 studiosi,
869 3764 907 3822 ali
924 3766 992 3830 aliis
1018 3695 1260 3852 ddds·,Simdndd
1277 3704 1424 3866 Apiosldlis
1453 3791 1454 3796 ’

797 3839 837 3903 sit
853 3845 1033 3920 Criuauaeus
1058 3865 1218 3942 apostolus
1234 3871 1372 3952 quidem,
1394 3879 1422 3939 in

756 3923 851 4020 iudae
866 3939 1012 4014 apostoli,
1038 3945 1066 4008 al
