2944 4904
197 265 242 327 -de
258 261 356 346 origg·
370 263 476 330 ,opem
491 263 585 340 w
598 265 670 336 mg,
688 287 727 339 px
742 266 838 340 [estin.
854 268 961 332 nalalis
973 267 1087 336 invicti.
1184 269 1249 350 ω

39 437 127 502 uitato
155 438 234 518 apul
248 436 400 503 Rutenos
416 437 479 504 tolli
495 459 554 504 uon
571 447 684 521 potenrt
705 443 794 522 atqui
811 441 953 523 ertiugui.
984 441 1127 524 Episcopi
1151 451 1249 508 auteur

38 523 174 602 Romani,
191 545 248 606 quo
262 524 382 588 facilius
399 525 533 592 homiues
548 547 567 590 a
584 527 798 610 superstitiosis
814 529 991 594 vanitatibus
1006 532 1043 592 ad
1071 551 1171 594 verear
1197 551 1248 594 re·

38 611 178 692 ligiouenr
193 615 453 684 trarrsdueerentur
469 599 505 676 rie
517 625 763 694 converterentur,
779 637 839 678 non
854 619 940 690 raudo
955 617 1083 698 profana
1094 615 1248 696 gentilium
1263 645 1268 652 ·

38 699 110 762 iesta
126 699 159 762 in
178 698 412 764 Christianorum
428 721 515 766 saera
532 710 761 781 commutarunt,
785 705 837 766 sed
860 703 945 766 etium
968 703 1044 766 iuter
1067 703 1141 768 haee
1174 725 1249 766 nore

37 787 210 863 introduetrr,
237 794 265 848 et
297 785 357 848 itta
375 785 493 851 sublata
527 790 611 870 quasi
639 793 785 871 quarelam
810 788 1030 853 similitudinem
1053 811 1119 857 esse
1144 790 1250 854 solae·

36 873 138 952 runt*)
170 873 272 954 ltaque
288 873 414 936 natalem
432 873 531 940 insisti
547 875 605 940 hoo
619 876 684 958 ipsu
701 875 777 940 festo
792 877 900 958 natalis
918 875 1026 942 Christi
1043 880 1250 946 submoverunt

38 969 63 1024 et
78 960 280 1042 antiquarunt,
298 970 329 1024 at
345 959 508 1028 allusiones
524 967 650 1044 probant
662 975 793 1030 ueterum
809 963 954 1028 ecelesiae
972 974 1095 1044 petrau,
1112 964 1250 1030 rauria-

38 1059 90 1111 tem
109 1047 224 1111 Christi
241 1069 307 1112 eum
323 1047 386 1112 sole
401 1060 567 1114 revertente
582 1052 832 1132 comparantium,
855 1062 884 1112 ot
909 1051 1006 1116 hodie.
1022 1059 1145 1114 tenetur
1169 1051 1252 1132 uulgi
1277 1123 1279 1140 Ι

38 1137 113 1198 circu
130 1135 161 1198 id
179 1143 295 1215 ternpus
311 1136 488 1217 superstitio,
506 1137 698 1219 pravitatibus
715 1138 822 1204 rituum
839 1159 882 1202 ex.
903 1137 1069 1218 gentillotus
1097 1141 1251 1202 (laetorum

37 1221 167 1286 obnoxii.
584 1242 588 1248 ·
1170 1227 1177 1246 '

121 1309 183 1372 Sed
200 1307 347 1391 plerisque
354 1309 550 1391 scriptoribus
565 1310 724 1391 pontificiis
743 1309 933 1394 nihilomiuus
948 1309 1048 1392 plaeet
1064 1314 1251 1392 eerteadere,

37 1398 112 1460 luno
129 1395 207 1460 diem
230 1397 364 1466 25.deo.
379 1418 439 1458 uon
456 1400 541 1462 modu
557 1417 625 1464 esse
643 1399 739 1479 ipsura
757 1398 882 1460 natalem
897 1397 1065 1464 Servateris
1081 1399 1181 1476 nestri,
1198 1419 1251 1463 ue-

37 1505 96 1546 rum
116 1483 205 1546 etiam
223 1484 259 1544 ab
277 1483 343 1564 ipsa
359 1481 412 1546 illa
428 1484 522 1564 prima
539 1485 666 1547 eeclesia
685 1481 788 1566 pro'eo
806 1485 936 1548 habiturn
959 1495 987 1550 et
1012 1486 1179 1572 eugrituur,
1196 1507 1252 1550 use

39 1571 187 1651 cognitum
204 1575 324 1648 utrium,
342 1573 394 1634 sed
416 1572 503 1634 etiam
527 1571 622 1634 luisse
638 1572 877 1650 celebratum**).
910 1573 978 1650 Qun
990 1573 1021 1637 iu
1038 1595 1071 1635 re
1086 1595 1145 1643 aar
1161 1584 1252 1635 utun-

39 1671 80 1722 tur
95 1657 143 1722 illi
156 1657 275 1743 quidem
294 1669 432 1738 suspecto
451 1658 587 1724 vanitati-s
605 1659 768 1722 testimonio
784 1661 801 1724 J
809 1659 985 1722 ohannis
1000 1660 1252 1744 Nieaeui**.*),

39 1747 82 1826 qui
102 1755 216 1824 narret,
234 1742 343 1806 lulium
360 1747 383 1807 l.
400 1767 429 1826 p.
445 1767 470 1809 r.
488 1745 603 1808 uallatis
621 1745 697 1808 inter
713 1767 745 1810 se
762 1746 914 1810 mensibus
923 1747 1127 1811 Hebraeorum
1143 1769 1178 1810 ae
1188 1748 1253 1810 Ro-

40 1853 200 1908 mauurum,
218 1831 458 1910 deprehendisse,
475 1831 558 1894 illurn
583 1832 658 1893 dieru
677 1854 777 1895 verum
797 1834 921 1896 natalem
946 1833 1055 1896 Christi
1080 1855 1164 1896 esse:
1200 1837 1254 1896 sed

40 1941 127 2002 seque
145 1915 283 1996 ridicule,
301 1920 411 1998 nescio,
429 1939 516 2000 quarn
533 1919 716 1982 traditionem
729 1921 842 2002 jactant
857 1931 886 1985 et
899 1921 1031 1984 inferunt
1047 1941 1084 1988 ex
1101 1919 1148 1982 lris
1174 1922 1253 1982 Au·

103 2124 135 2192 *)
161 2123 190 2182 lu
216 2123 275 2176 aliis
301 2139 400 2192 quoque
427 2124 504 2176 rebus
522 2124 613 2176 eudem
632 2131 677 2176 uut
696 2125 773 2176 simili
791 2126 893 2178 ratione
911 2126 1008 2178 versati
1026 2133 1097 2179 suut.
1134 2125 1171 2177 Il‘e
1190 2125 1254 2178 Gre-

41 2195 106 2257 gorio
126 2191 324 2256 Thaumuturgu
344 2200 434 2244 narrut
452 2192 552 2257 Greg.
572 2191 595 2252 N
604 2207 711 2260 yssen
724 2209 777 2246 us:
798 2188 937 2254 Xourdelv,
960 2189 1000 2246 iles
1011 2198 1070 2252 τοῖς
1085 2209 1124 2248 σω
1148 2199 1255 2254 areanis

39 2259 207 2330 θυμηδίαις,
231 2261 262 2323 τῆ
286 2261 352 2330 περὶ
374 2259 474 2312 εἴδωλα
502 2255 595 2331 πλάνῃ
615 2263 769 2328 παραμένει
790 2257 820 2312 τὸ
844 2260 983 2326 νηπεῶδες,
1005 2263 1059 2313 τῶν
1076 2264 1191 2314 κονιῶν
1208 2264 1255 2314 aul

38 2327 220 2381 ἀπαίδευτον·
242 2313 278 2388 elle
298 2323 333 2378 ἅν
350 2325 381 2380 τὸ
400 2323 615 2398 προηγούμενον
635 2331 699 2386 τέως
716 2327 747 2379 ἐν
768 2327 860 2387 atcere
874 2323 994 2398 peritiora
1011 2334 1203 2413 eneopdmdstrp
1224 2327 1253 2381 τὸ
1334 2342 1338 2348 ’

39 2396 107 2464 πρὸς
128 2393 202 2450 Θεὸν
218 2393 282 2449 ἀντὶ
299 2397 353 2448 τῶν
371 2401 499 2466 ματαίων
520 2391 704 2463 οεβοσμότων
731 2398 861 2462 βλέπειν,
893 2397 1039 2464 ἐπαφῆκεν
1063 2398 1172 2461 sordre,
1197 2400 1255 2456 ταῖς

39 2469 90 2518 τῶν
111 2463 203 2533 ἁγίων
218 2460 368 2533 μαρτύρων
390 2457 772 2535 ἐμφαεὸρὺνεσθαε’μνὴμαες
788 2461 987 2516 καὶ.εὐπειθεῑν
1004 2465 1051 2514 καὶ
1070 2457 1252 2530 ‹tydttrnean

40 2537 115 2589 drot.
135 2539 169 2588 de
187 2536 245 2588 uitro
263 2539 343 2604 drop.
362 2535 472 2588 dinam.
494 2543 512 2586 t.
531 2539 557 2586 2.
576 2553 604 2602 p.
626 2535 703 2587 1006.
724 2536 764 2585 ed.
786 2535 877 2586 Puris.
899 2531 1040 2584 Posteriori
1060 2539 1155 2598 aetate,
1176 2533 1276 2585 habea

40 2621 91 2656 mus
112 2603 245 2668 egregium
263 2604 289 2654 in
309 2618 340 2654 eu
358 2619 386 2654 re
406 2603 530 2654 artificem
551 2601 757 2664 Gregorium
775 2599 831 2664 ll,
863 2619 888 2668 p.
921 2617 955 2664 r.,
974 2601 1065 2667 quise
1084 2601 1138 2668 ipse
1158 2601 1256 2666 detegit

40 2690 67 2724 se
86 2671 173 2724 nudat
189 2671 217 2722 in
234 2687 275 2740 ep.
297 2671 330 2722 ad
349 2671 519 2736 Augustinurn
536 2671 705 2729 drouaolrum,
725 2686 798 2736 quem
816 2670 877 2722 fidei
895 2669 1053 2722 christianae
1072 2671 1255 2738 propagandae
1313 2723 1318 2728 ,
1421 2664 1422 2668 ’

41 2757 118 2794 eansu
136 2739 173 2791 ad
191 2739 311 2792 Britones
331 2741 447 2804 miseret,
467 2755 525 2790 *curn
544 2738 717 2804 imaginibus,
735 2739 855 2803 resilis,-
868 2753 935 2806 uque
953 2737 1056 2792 lustruli
1083 2746 1109 2790 ot
1129 2739 1154 2790 id
1175 2753 1256 2802 geuus
1351 2779 1355 2784 .

42 2811 97 2860 aliis
121 2807 201 2859 rrelrus
220 2808 337 2878 proxime
359 2809 392 2860 ad
418 2814 537 2859 naturam
564 2807 703 2872 gentilismi
727 2807 900 2872 venientibus,
926 2806 1018 2874 quibus
1037 2807 1127 2870 regina
1145 2807 1255 2861 manime
1312 2856 1314 2864 ,

42 2885 115 2945 rapta
133 2883 185 2928 est.
207 2875 265 2926 Lilr.
283 2881 309 2940 8,
331 2893 373 2944 ep.
395 2880 439 2956 113·
455 2876 560 2940 registr.
582 2893 639 2942 epp.
659 2877 765 2994 pM938.
786 2875 1125 3010 eothp.w2.s⁰1g;mtgn.dffs.
1146 2875 1257 2996 {lel'llg-

42 2947 397 3086 :gti‚flp'u‘;renaeseffirpelrrers.
415 2943 672 3084 ἴεῖοέοξοοὲεἳθεῑξεςῖο
702 2959 858 3076 ullsilriatlo:
877 3018 919 3076 et,
945 3025 1010 3077 quae
1030 3009 1117 3062 ullatis
1139 3009 1256 3076 plurimis

43 3081 166 3203 exempl?
187 3079 321 3204 tegulata?h
331 3081 395 3134 uke
414 3081 442 3200 ir}
458 3079 621 3202 arnelhlllplzi
636 3081 829 3200 gffl'mssl‘ml
844 3095 928 3201 lgegrgr.
941 3079 1034 3202 gensis
1056 3077 1256 3135 Uetereiustim-

48 3168 123 3218 moup
160 3167 191 3202 es
232 3167 282 3216 ups
322 3167 430 3204 omenta
479 3165 520 3200 ern
562 3165 584 3200 rr
617 3165 633 3199 a
663 3165 715 3200 oar.
774 3163 824 3216 rps.
862 3155 875 3200 7
916 3185 922 3197 .
962 3185 968 3198 .

109 3217 158 3284 Η)
176 3215 227 3270 Pro
247 3218 401 3284 antiquitate
420 3217 480 3268 festi
500 3223 598 3282 pugnet
615 3213 789 3266 Petuvius
808 3216 845 3268 de·
858 3217 950 3268 Ductr.
978 3222 1056 3284 tesrp.
1078 3223 1139 3266 turn.
1160 3217 1185 3268 i.
1208 3214 1255 3266 tit.
1319 3229 1340 3274 J

45 3291 83 3352 lt,
103 3293 130 3342 7.
150 3284 270 3337 Emuu.
290 3287 537 3338 Sel-elstruten
557 3285 583 3334 in
601 3285 729 3350 Arrunti.
748 3285 810 3336 eccl.
829 3286 929 3336 illustr.
949 3281 981 3334 Τ.
1001 3283 1021 3338 1.
1042 3301 1066 3352 p.
1086 3287 1128 3340 39.
1153 3283 1215 3336 diss.
1235 3273 1256 3334 l.

46 3357 88 3408 sed
109 3371 161 3406 nou
180 3353 249 3404 ultra
267 3353 436 3418 Augustiuurn
458 3361 484 3404 et
502 3352 711 3420 Clrrysostoruunr
731 3353 849 3418 progredi
868 3359 984 3418 possunt.
1019 3351 1143 3404 Famosus
1164 3353 1207 3404 ille
1227 3367 1258 3406 ee

47 3426 172 3476 clamosus
192 3421 407 3486 Gretserus,
428 3421 528 3486 quaudo
547 3437 572 3487 p.
592 3421 703 3473 trude
724 3421 786 3485 sest.
804 3420 858 3472 cler.
886 3426 975 3469 enutru
1001 3418 1258 3486 Hosprntanun
1323 3419 1326 3430 '

47 3493 164 3544 inanibus
184 3489 308 3542 eonvioiis
327 3489 494 3557 apostolieum
512 3489 677 3540 traditionem
699 3485 760 3538 festi
780 3487 911 3550 defendit,
933 3491 1010 3549 urget
1030 3487 1056 3536 in
1076 3487 1164 3552 primis
1183 3501 1259 3549 regu-

46 3561 94 3611 lum
111 3557 325 3622 Augustini:
345 3559 421 3626 cujus
442 3561 516 3624 oripo
535 3559 651 3608 noscitur
671 3574 717 3608 noc
736 3571 783 3623 per
801 3557 938 3622 petrornliu
956 3555 1071 3606 noerollis
1090 3557 1259 3606 eurrstitrttunr

47 3637 100 3694 est,
121 3629 193 3682 illud
218 3629 418 3694 renuntiaturae
439 3634 464 3678 et
485 3628 648 3694 spostolicae
666 3633 705 3676 est
731 3625 850 3691 eripieris.
888 3623 938 3674 Sed
963 3621 1059 3674 homini
1081 3622 1174 3676 stolido
1191 3619 1259 3674 idern

46 3695 264 3760 Augustinus
283 3695 375 3762 aponi
408 3700 488 3758 otest,
508 3693 551 3759 qui
569 3693 658 3744 eudem
675 3693 732 3744 loeo
753 3708 794 3760 op.
814 3693 1029 3744 stridensstridens
1047 3693 1121 3756 (toru-
1142 3693 1211 3747 eo
1250 3728 1257 3743 ·
1358 3701 1361 3708 '

48 3768 86 3816 ed.
103 3765 247 3818 Bersediot..
263 3779 288 3829 p.
308 3711 369 3830 ὦ.)
388 3711 456 3816 lien
477 3777 639 3824 enumerans,
660 3777 725 3828 quse
744 3761 777 3810 ab
794 3759 926 3826 universa,
956 3774 1106 3826 quaenuque
1127 3759 1194 3812 sedi
1215 3776 1261 3813 usr-

48 3833 93 3897 dlt,
111 3831 226 3884 eeclesia
244 3831 421 3896 celebrentur,
448 3829 561 3882 nntaleru
579 3829 676 3880 Christi
702 3829 804 3880 silentio
823 3827 984 3880 transmittit.
1022 3827 1105 3894 Super
1129 3843 1177 3894 qno
1202 3827 1260 3880 loeo

48 3902 192 3954 nausimus
211 3899 335 3966 quasdam
356 3899 382 3950 iu
394 3915 486 3969 propr.
507 3899 537 3950 de
559 3895 1119 3964 eriupronpesimdposelluli.Lips.175².4.
1139 3897 1260 3950 Ceterum

48 3986 118 4036 guam
141 3976 251 4020 tenaces
272 3965 473 4020 Psutlfinii-sint
494 3965 571 4032 hujus
592 3966 736 4018 sententiae
764 3966 795 4018 da
816 3967 857 4018 die
882 3967 926 4021 25.
948 3965 1005 4016 dee.
1030 3972 1152 4031 turanum
1178 3965 1260 4018 natali

48 4039 152 4101 Christi,
172 4053 206 4090 ex
227 4037 308 4090 variis
323 4044 412 4088 noetus
430 4051 518 4088 eorum
547 4033 639 4086 ritibus
659 4033 813 4096 intelligitur
835 4035 903 4100 apud
927 4033 1019 4088 Edru.
1044 4031 1210 4086 M‘artens
1228 4035 1261 4087 de

47 4110 105 4160 recl.
127 4107 237 4172 stritus,
257 4105 301 4156 obi
320 4105 396 4172 (torn.
416 4109 442 4156 2.
462 4121 488 4172 p.
506 4104 568 4158 925.
588 4102 629 4153 ed.
656 4103 780 4166 Medinl.)
800 4102 1003 4154 renunciationis
1022 4101 1191 4154 Armeuorunr
1209 4099 1257 4153 lor-

47 4176 111 4226 mala
130 4177 203 4228 inter'
220 4173 272 4228 ntia
291 4174 404 4224 refertur
423 4173 459 4224 nd·
474 4171 612 4222 eeclesiam
629 4169 769 4224 Romanum
787 4169 994 4237 desciscentium,
1015 4169 1040 4220 iu
1057 4187 1108 4238 qen
1119 4173 1183 4222 haee
1200 4185 1259 4221 eou-

47 4245 174 4295 tiueutur:
207 4244 240 4294 st
267 4243 326 4310 ptris
352 4257 404 4294 οοο
428 4240 544 4295 celedrnt
573 4240 801 4297 ‹taaerrrirrllurrour
823 4241 850 4292 d.
878 4240 922 4294 25.
941 4245 1028 4309 namt.
1050 4247 1074 4292 et
1093 4239 1120 4290 sl.
1139 4241 1183 4294 25.
1204 4241 1260 4292 (leo.

49 4313 146 4368 Cllrlsti
167 4313 273 4376 entole,
291 4309 432 4362 anatliema
449 4311 495 4361 sit.

146 4377 210 4446 ¹¹⁸⁸)
237 4377 268 4430 Iu
293 4394 334 4444 ep.
352 4379 384 4430 de
408 4379 514 4430 erntirdt.
540 4377 639 4430 Olrista'
658 4373 917 4434 (allocuturum
936 4373 1101 4432 Catholieoru
1118 4373 1261 4428 Armenius

49 4447 129 4520 (opud
147 4449 199 4507 Fr.
223 4445 471 4502 tennensium
492 4451 544 4506 torn
564 4451 590 4504 2.
609 4445 729 4500 eustorii
743 4445 805 4498 soei
821 4441 937 4504 lilliotlr.
957 4441 1007 4496 1²1³.
1023 4459 1051 4512 p.
1070 4441 1129 4524 47).
1250 4495 1254 4508 ,
