2962 4898
513 311 778 389 tauroentum.
867 331 889 364 ²-
1001 303 1005 318 '
1184 318 1329 391 ιονγ
1414 352 1416 360 ·

43 496 232 560 eucharistiae
248 496 391 560 institutio
401 505 429 559 et
445 493 657 562 administratio
673 507 709 561 'eo
722 497 782 561 dne
798 499 855 560 tna
869 493 957 578 daem,
973 499 1006 563 ta
1022 509 1100 564 esset
1111 511 1245 565 sanotutn

11 645 12 654 ,
42 588 73 648 N.
89 588 127 648 Τ.
141 584 357 650 sacramentum
374 585 514 669 addara
530 595 626 670 trotino
645 587 746 650 nundi
761 589 941 664 duraturum,
959 589 987 652 it.
1008 609 1034 654 e.
1057 587 1164 652 eidem
1180 608 1244 652 tne-
1364 577 1368 590 ⁸

43 674 143 751 tinam
158 686 212 755 per
235 677 311 755 quoti
337 674 477 737 oenatria
500 675 640 756 passione
666 695 702 736 ao
720 683 810 736 morte
828 675 935 738 Christi
952 685 1035 757 parta
1058 678 1245 740 oretontttrns

42 761 262 843 applicarentur.
282 792 321 808 «-
340 763 368 846 5.
396 765 444 827 id.
464 763 540 826 Gtrrn
558 763 650 844 igitur
664 765 701 844 ad
722 761 809 824 inunt
827 773 922 844 nsque
940 764 1039 826 mundi
1065 767 1171 827 durare
1186 769 1244 828 de'-

42 852 102 912 teat
116 851 398 932 hujus-saetamedti
415 850 637 928 administratio,
654 850 786 912 doctrina
802 853 839 912 de
860 871 946 914 saera
962 863 1063 929 coena,
1083 871 1138 915 eon
1155 863 1246 934 sttpra

40 939 93 1020 jam
109 937 247 1019 diinitnus,
264 939 295 1000 in
308 937 404 1000 atrata
421 938 653 1001 Christianorum
671 939 862 1000 eonventiims
878 938 934 1002 inor
952 943 997 1002 die
1016 949 1067 1017 per
1084 957 1245 1020 praecones

40 1027 113 1088 rarat
131 1026 224 1113 diripi
241 1045 257 1088 o
273 1023 422 1105 suggestu
437 1040 523 1090 sooro
546 1027 717 1089 'seitonnitor
740 1027 917 1106 proponitur,
939 1039 968 1090 et
985 1041 1139 1110 propterea
1162 1028 1246 1090 iatro-

40 1133 83 1176 res
100 1114 232 1176 consueti
249 1121 375 1190 nessani,
390 1115 419 1176 id
438 1119 514 1196 qnod
533 1125 610 1197 potat
626 1135 662 1176 ex
680 1113 812 1176 Ordinat.
840 1116 956 1177 Ere-ios.
981 1118 1073 1179 Eteri.
1099 1116 1245 1196 Saxon’)

41 1215 65 1263 et
87 1223 122 1265 ex
136 1199 242 1280 ordin.
260 1202 375 1264 [iudos.
396 1202 741 1282 Saxo-vinariens=.”),
760 1203 845 1284 cujus
869 1207 959 1266 rerba
975 1206 1030 1266 iao
1048 1207 1085 1266 do
1104 1205 1190 1267 reita
1214 1225 1246 1266 so
1349 1198 1360 1212 '

39 1292 160 1352 tabant:
187 1291 382 1370 Briangondo
399 1291 584 1370 dengriinen
601 1282 791 1369 Dinnerstag
819 1294 876 1352 und
903 1291 1105 1373 Chorireitag,
1131 1293 1246 1354 werdon

39 1379 137 1440 soluite
154 1385 211 1439 nitr
227 1377 406 1458 Vortsittage
422 1379 556 1460 gnioiert,
572 1381 631 1439 uad
650 1397 688 1439 an
701 1379 800 1460 jeaem
820 1396 874 1441 aus
897 1382 954 1440 den
982 1376 1100 1443 Warten'
1121 1378 1208 1442 Pauii
1229 1383 1243 1442 l

40 1465 102 1529 Cor.
125 1469 175 1544 li,
194 1474 251 1526 ’νου
268 1468 333 1527 dem
355 1465 424 1530 teil.
444 1464 663 1541 abendmairle3
687 1481 723 1527 an
743 1465 852 1528 iiosetn
869 1469 941 1528 aiter
954 1489 1010 1530 vnn
1029 1471 1092 1529 dant
1112 1471 1246 1546 Bagrau-

39 1551 97 1614 niso
122 1546 233 1617 carisii
251 1567 305 1636 aus
322 1555 377 1614 den
402 1555 613 1634 Evangettstrn
635 1553 818 1635 gepredigot.
847 1590 883 1600 -
910 1555 939 1640 5.
970 1559 1016 1618 t7.
1037 1555 1246 1634 Progrediamur

40 1661 111 1702 nuno
128 1642 276 1723 (quamdo
294 1642 439 1703 notionum
458 1643 588 1703 ordinem
606 1645 680 1702 adeo
698 1653 834 1704 areunate
850 1661 908 1702 non
926 1644 1123 1712 observaturi)
1140 1646 1175 1704 ad
1191 1665 1245 1724 pe-

40 1731 100 1791 dum
118 1730 266 1800 lotionem,
291 1736 365 1810 quae
384 1731 468 1792 e'tiain
488 1728 547 1791 huo
565 1742 609 1790 est
627 1730 789 1792 reserenda.
822 1727 886 1792 Non
905 1729 1021 1811 quidem
1040 1751 1094 1792 nos
1112 1732 1245 1812 prolixae

39 1815 77 1878 tttt
94 1817 311 1898 implicabitnus
333 1825 443 1895 eordan,
467 1818 515 1899 qui
532 1830 628 1878 utrum
645 1831 721 1888 ante.
741 1837 777 1879 aa
796 1824 863 1897 prot
878 1831 982 1880 saurae
999 1841 1109 1880 coenae
1126 1819 1246 1880 institn-

39 1905 138 1968 tionem
158 1907 232 1968 hado
246 1906 328 1967 idota
343 1907 382 1968 ait
397 1905 478 1983 intio,
497 1903 594 1967 adino
611 1905 781 1984 disceptant.
816 1905 966 1966 Describit
990 1913 1054 1968 erim
1082 1927 1118 1968 ex
1143 1907 1245 1967 Evan-

39 1992 150 2072 gelistis
167 1994 316 2056 iohannes
335 1997 399 2074 cap.
418 1993 467 2067 13,
486 1995 566 2054 iss.
589 1992 638 2065 ita,
656 2005 688 2053 ut
704 1990 867 2072 significet,
894 1992 1042 2056 Citristm'n
1068 2003 1133 2076 post
1146 1994 1245 2055 =istam

40 2081 171 2143 iotionetn
189 2085 284 2143 denuo
300 2081 488 2144 oportuisse.
519 2081 584 2144 Hoo
601 2092 707 2154 autem,
726 2083 800 2162 quod
820 2080 921 2142 aitimo
947 2079 1014 2143 loro
1039 2081 1154 2163 peregit
1177 2082 1247 2143 sat-

39 2181 123 2245 vator,
142 2169 338 2232 eucharistiae
355 2169 448 2232 inisse
463 2168 674 2230 institutionem
694 2189 731 2230 ex
747 2169 820 2230 Lu'o.
838 2167 889 2244 22,
907 2171 949 2230 20
966 2177 993 2232 et
1014 2173 1026 2232 l
1049 2171 1117 2232 Cor.
1138 2171 1187 2246 ll,
1206 2173 1246 2231 25

39 2267 176 2338 apparet,
196 2257 247 2319 ubi
264 2257 401 2338 poculum
420 2256 576 2336 sanguinis
593 2256 639 2318 sni
656 2244 732 2332 μετὰ
755 2248 792 2316 τὸ
820 2251 987 2336 δειπνῆσαι
1006 2257 1159 2338 discipulis
1185 2269 1246 2320 tra-

40 2345 145 2408 didisse
164 2343 280 2408 tinttnr'.
301 2379 338 2391 -·
358 2347 386 2430 5.
409 2347 457 2408 18.
475 2345 514 2406 Et
526 2346 598 2405 Ιιοοο
615 2342 727 2404 irritam
743 2342 855 2403 iaciunt
872 2345 1044 2406 sententiam
1063 2365 1172 2419 eorum,
1197 2345 1245 2424 qui

39 2446 98 2513 post
113 2432 311 2496 eucharistiae
329 2429 606 2495 administrationem
624 2433 738 2492 denatat
757 2425 965 2509 discipulorum
985 2435 1072 2512 pedes
1097 2429 1174 2492 lotos
1191 2453 1246 2492 au-

39 2529 155 2598 tumant,
173 2515 295 2604 quoium
312 2523 370 2583 dunt
387 2525 432 2582 edi
455 2525 558 2582 auctor
575 2525 710 2580 sermonis
734 2520 767 2578 de
785 2519 924 2579 ditatione
938 2522 1055 2599 pedum,
1079 2519 1164 2600 enjus
1186 2517 1246 2580 Sa-
1336 2579 1338 2582 .

39 2609 171 2690 gittarids
195 2609 229 2700 (l.
241 2609 260 2668 i.
282 2631 310 2690 p.
330 2601 401 2671 idi).
420 2608 449 2691 5.
471 2608 535 2688 ttt.)
556 2605 913 2668 martinummontem
929 2613 1010 2682 onim,
1027 2605 1130 2688 inquit,
1146 2616 1246 2668 soord-

39 2697 311 2760 montodittridttorut
335 2699 394 2772 iuno
405 2699 498 2757 dodon
509 2701 624 2771 exierat,
636 2715 697 2756 outa
713 2703 822 2773 reponte
840 2695 873 2754 do
889 2715 985 2756 moneo
999 2715 1115 2776 torpens
1127 2699 1248 2757 iinteot're

39 2791 201 2865 praecinxit.
213 2819 252 2831 -
265 2775 293 2866 5.
307 2744 356 2846 iii.
369 2782 428 2845 atti
438 2783 670 2864 igituruensent,
687 2781 823 2843 lotionem
833 2777 910 2843 hano
924 2783 983 2864 ipsi
994 2781 1126 2864 paschali
1138 2803 1247 2845 coenae

41 2891 101 2935 esse
124 2871 387 2954 praemittendam,
412 2877 447 2933 nt
471 2872 514 2933 sio
541 2867 671 2932 δείπνου
687 2869 851 2950 γενομένου
874 2871 951 2949 (tot.
973 2870 1023 2948 ts,
1041 2872 1096 2947 2.),
1114 2869 1191 2948 idem
1209 2870 1248 2931 sit

40 2964 111 3040 quod
128 2961 342 3040 eoena'parata
358 2979 394 3021 ac
415 2958 568 3034 instructa,
587 2972 644 3019 non
660 2977 728 3020 vero
746 2967 907 3037 transacta,
930 2960 1007 3038 qnod
1033 2959 1118 3020 etiarn
1137 2959 1247 3038 proba·

40 3047 93 3110 bile
117 3049 234 3110 videtttr
249 3047 386 3123 Bttronio,
399 3047 463 3129 aad,
480 3049 595 3122 ridetur,
614 3045 663 3121 ait,
680 3064 762 3126 puoso
777 3047 891 3125 pindari
911 3067 947 3106 ου
971 3049 1083 3109 motor:
1116 3058 1142 3106 nt
1159 3066 1247 3107 exeo

40 3133 179 3216 inprimis,
197 3137 272 3217 qnod
284 3151 391 3196 morem
408 3133 501 3196 inisse
512 3142 626 3196 annotet
643 3143 671 3194 et
687 3133 867 3194 iudaeorum
884 3143 912 3194 et
928 3131 1052 3195 aliorum
1070 3135 1160 3215 pedes
1180 3141 1248 3194 anto

41 3221 204 3286 aceubituna
225 3221 344 3286 lavandi
353 3220 425 3306 m),
444 3221 490 3284 oni
508 3219 689 3302 Sagittarius
706 3231 876 3302 sequentem
891 3222 922 3282 in
939 3224 1054 3284 modurn
1071 3217 1247 3302 respondet:

41 3311 93 3373 Sed
118 3313 196 3374 taor
219 3311 362 3372 sententia
385 3329 444 3371 non
469 3312 593 3391 quadrat
608 3307 749 3370 historiae
765 3325 878 3370 sacrae.
910 3307 985 3372 Nam
1001 3309 1095 3390 priam
1112 3307 1249 3372 Christus

40 3395 136 3462 iotioni
162 3411 230 3461 sese
255 3397 442 3461 aremoturus
466 3396 573 3459 dieitur
591 3416 608 3457 a
624 3400 717 3456 onena
743 3395 928 3472 surrexisso3
961 3417 1065 3480 nonnpe
1090 3399 1168 3478 qnod
1186 3397 1248 3477 jam

40 3495 93 3551 tntu
111 3504 240 3553 coenare
256 3495 402 3569 coeperat.
418 3486 499 3547 Tum
517 3503 584 3548 rero
600 3479 652 3543 itta
668 3483 774 3564 pedum
791 3479 861 3542 lotio
880 3492 1004 3544 nontam
1022 3503 1059 3544 ex
1076 3503 1155 3544 more
1171 3503 1248 3562 geu,-

41 3575 74 3638 tis
100 3579 138 3640 od
162 3575 292 3640 sordium
307 3573 506 3652 ablutionem,
524 3647 526 3652 Ι
545 3591 631 3654 qnam
647 3569 685 3632 ad
701 3568 864 3650 spiritualis
883 3563 1003 3630 lotionis
1020 3569 1249 3651 praefiguratio-

40 3683 101 3727 nem
118 3685 137 3728 a
154 3663 273 3727 Christo
290 3662 422 3726 instituta
438 3671 493 3725 est.
517 3660 556 3723 Et
573 3665 617 3723 est
628 3653 777 3736 eredibiio,
792 3657 853 3740 jam
870 3655 1030 3720 antelatos
1047 3656 1144 3719 fuisse
1157 3659 1248 3736 pedes

41 3752 255 3816 conrivato‘ron'r
278 3751 360 3833 prins
387 3771 473 3832 quam
496 3750 729 3824 discumberent,
754 3755 819 3808 utut
834 3745 1047 3828 Evangelistne
1062 3745 1147 3806 istam
1165 3741 1250 3805 iava-

40 3841 146 3917 tionettp
162 3843 300 3920 tanquam
317 3841 355 3902 ati
372 3837 552 3920 propositum
576 3836 646 3898 nihii
665 3834 819 3897 furientem
838 3835 996 3898 omiserint.
1015 3869 1055 3880 -
1074 3831 1102 3915 5.
1120 3833 1173 3894 20.
1192 3825 1251 3892 atti

41 3927 143 3990 dietam
170 3925 312 3990 iohannis
338 3925 458 4008 phrasin
476 3918 619 4002 (δείπνου
644 3921 822 4003 γενομένου)
845 3923 1088 4003 interpretantur:
1120 3923 1252 3982 innitente

37 4017 92 4090 inm
109 4023 177 4097 npni
194 4019 340 4097 poenitetis
355 4035 448 4077 noenu.
474 4014 535 4077 Sed
550 4010 624 4073 nihil
645 4031 752 4072 causae
773 4011 887 4073 ostendi
905 4019 1016 4092 potest,
1039 4027 1091 4072 nor
1114 4007 1251 4072 Christus

36 4195 270 4214 m

104 4273 137 4343 *)
155 4269 207 4326 Tit.
226 4267 581 4332 nordmannorum,
602 4269 630 4337 5.
650 4269 697 4320 der
716 4268 773 4334 Tag
791 4270 878 4322 Coena
896 4269 1010 4330 Domini,
1029 4284 1057 4320 οο
1076 4281 1135 4319 man
1156 4267 1252 4318 renuet

40 4343 86 4394 don
112 4345 246 4408 grinon
270 4346 517 4406 Dounonstas,
542 4339 623 4392 daran
647 4354 697 4390 von
723 4340 780 4392 dem
803 4338 965 4392 Abendmuhi
984 4337 1033 4390 und
1053 4337 1253 4402 hoohwiirdipou
1356 4385 1359 4394 Κ

40 4411 199 4507 Sacroprent·
213 4430 246 4466 zu
265 4412 388 4482 prodigeu
406 4410 449 4461 ist.

77 4475 555 4620 ·titan}ott.t;‚.¹.⁵tt.t.t:
575 4473 620 4614 tt,
642 4559 699 4614 ....
719 4549 762 4600 υ.
784 4559 810 4614 „
830 4548 890 4604 ao.

85 4635 153 4682 Ther.
165 4636 268 4690 utiqaitt.
279 4635 351 4680 christ·
361 4633 380 4676 1·
393 4644 413 4680 t.
1011 4628 1052 4694 13
1107 4679 1111 4686 .
