2962 4898
223 217 287 290 roe
440 245 442 252 >
700 217 730 306 ι.
753 211 790 278 a.
814 215 942 316 aanor

223 408 289 453 rum
303 383 570 454 denominationum
585 381 714 448 rationes
731 367 861 464 quilibet,
878 389 962 450 modo
977 381 1068 458 velit,
1084 379 1172 444 docile
1189 379 1359 464 perquirere
1376 403 1434 463 po·

223 473 300 552 terit,
325 473 415 554 quar‘e
439 492 494 546 noe
517 469 667 534 brevitatis
692 471 817 534 studiosi
844 472 893 539 bis
918 471 1157 553 supersedemus.
1182 505 1220 520 -
1241 469 1273 550 d.
1291 470 1321 532 9.
1338 469 1435 532 Gesta

223 560 380 642 bnjasdioi
396 570 530 640 unquam
552 557 771 638 praeparatoria
796 561 869 622 lesu
891 555 1073 640 passionalis
1095 555 1141 636 (ut
1156 557 1193 620 ad
1210 549 1433 636 πραγματολο-

223 646 305 730 plne)
322 649 495 714 accedamus
512 645 724 724 quadanoco,
742 666 806 708 oram
825 633 915 725 Caspi
932 641 1092 740 Sagittario
1105 643 1136 724 *)
1151 643 1182 702 in
1200 641 1305 704 diurna
1319 663 1357 704 aa
1374 663 1433 702 no-

225 749 328 811 cturna
345 732 550 813 dispesoimus.
569 765 607 776 -
626 729 652 812 ξ.
666 731 715 794 10.
732 731 846 794 Dierna
863 734 939 812 qnod
956 730 1067 806 attinet,
1088 728 1296 808 Evangelistae
1311 727 1434 808 (Mattln
1472 739 1473 744 ’

224 819 286 905 26„
301 821 442 895 17-20‘3
475 813 646 892 Marc.'14,
674 819 713 876 12
737 839 786 894 ee,
812 819 896 882 Luca
911 817 964 894 22,
988 820 1009 879 7
1030 818 1088 894 ss.)
1120 825 1258 890 narrant,
1284 817 1432 896 quomodo

155 923 161 932 ·
191 901 194 906 ’
224 903 542 986 discipaliSalvaloris,
557 902 733 966 imminentis
745 905 922 984 paschatisa
933 903 1048 966 Christo
1066 901 1240 979 commoniti,
1256 899 1337 962 illam
1355 922 1433 964 coa-

224 991 370 1055 enluerint
384 994 420 1052 de
437 991 512 1066 loco,
529 989 580 1050 ubi
599 990 751 1052 comedere
770 989 857 1054 vellet
880 1011 990 1070 agnam
1006 987 1175 1069 paschalem
1197 997 1433 1072 responsumqpe

225 1077 339 1165 tulisse,
355 1074 440 1143 illum
457 1071 582 1157 (locum)
599 1086 677 1138 certo
695 1076 781 1156 signo
797 1080 1033 1157 cognoscendam
1051 1093 1132 1152 esse,
1149 1076 1250 1156 urbem
1263 1095 1367 1154 nempe
1383 1075 1434 1136 in·
1472 1125 1473 1136 ,

224 1163 339 1245 gressis
355 1163 449 1229 viram
465 1183 531 1237 esee
548 1162 662 1225 oleviam
679 1174 832 1230 venturum
847 1185 912 1226 cum
927 1163 1036 1242 lagena
1051 1181 1156 1242 aquae,
1174 1181 1433 1243 quamsequeren-
1472 1175 1473 1180 ’

223 1262 273 1316 ter
295 1271 389 1334 usque
417 1251 447 1312 ia
471 1253 597 1327 domum,
621 1271 678 1330 quo
705 1271 810 1331 aquam
827 1251 962 1315 deterret.
977 1249 1034 1312 Hic
1052 1247 1127 1329 patri
1144 1247 1272 1310 familias
1290 1248 1433 1323 dicerent,

226 1345 340 1419 tempus
356 1337 473 1400 Domini
499 1357 589 1416 prope
607 1357 673 1398 esse
696 1357 731 1398 ac
749 1343 901 1416 propterea
923 1335 1000 1400 velle
1017 1355 1083 1396 oum
1099 1333 1252 1416 discipulis
1268 1335 1347 1414 apud
1365 1353 1434 1396 enm

226 1425 369 1488 divertere
386 1433 413 1485 et
431 1425 541 1504 pasalan
558 1425 720 1486 comodere.
748 1423 825 1484 Eum
842 1423 993 1503 discipulis
1012 1421 1207 1496 indicaturum
1232 1440 1300 1486 esse
1317 1422 1432 1500 grande

228 1509 437 1589 coenaculum,
470 1510 521 1572 ubi
543 1511 712 1572 comedatur
734 1529 833 1588 agnus
858 1507 1004 1588 paschalia
1033 1517 1062 1570 ct
1088 1509 1161 1572 leaeo
1184 1529 1222 1570 ex
1249 1506 1433 1588 praescripto
1472 1585 1473 1590 η

224 1595 337 1659 Christi
360 1607 482 1678 agentes
509 1593 647 1676 discipuli
671 1615 838 1676 comparere
862 1605 983 1672 cuncta,
1016 1603 1048 1656 nt
1063 1594 1207 1660 Dominus
1235 1593 1434 1674 praedixerat,

226 1690 315 1764 alque
331 1681 412 1760 illic,
440 1682 490 1744 ubi
512 1683 653 1764 jusserat,
677 1683 787 1762 pascha
804 1693 988 1763 paraverunt,
1004 1681 1045 1742 ita
1059 1689 1092 1742 ut
1107 1677 1217 1760 ag'aum
1232 1678 1435 1753 mactaverint,

226 1789 332 1833 carnes
350 1770 415 1852 ejus
426 1767 588 1846 abluerint,
604 1789 677 1831 vern
694 1768 906 1850 adoptaverint,
923 1767 1103 1844 assaverint,
1121 1765 1253 1830 lactucas
1270 1786 1435 1846 praepara-

227 1857 339 1932 verint,
356 1877 458 1937 azpme
474 1855 664 1936 apposuerint
680 1866 735 1918 eto.
761 1855 877 1931 Quibus
896 1855 983 1918 factis
998 1855 1064 1934 ipse
1081 1852 1215 1920 Christus
1230 1871 1296 1917 sero
1314 1852 1434 1932 quidem

228 1941 285 2018 die,
301 1941 381 2004 circa
397 1961 548 2022 vesperam
564 1941 710 2018 nimirum,
729 1941 868 2019 advenit,
881 1949 913 2003 nt
930 1961 995 2004 cum
1009 1939 1163 2020 discipulis
1179 1959 1287 2020 agnum
1304 1937 1435 2020 pascha-

150 2084 153 2088 .
226 2027 285 2090 len
303 2030 475 2092 comederet.
494 2064 532 2074 -
551 2027 578 2107 §.
598 2030 646 2090 ll.
664 2029 743 2089 lotor
755 2038 897 2089 nocturna
913 2027 1037 2108 primum
1054 2026 1149 2088 locum
1166 2027 1276 2096 obtinet
1291 2026 1361 2105 agni
1379 2029 1436 2105 pa-

160 2135 165 2142 ·
228 2113 338 2175 scholis
356 2114 504 2176 comestio.
535 2115 611 2180 llere
628 2123 724 2179 autom
740 2135 849 2196 agnum
869 2111 1038 2196 paschalem
1054 2111 1179 2176 comedit
1195 2133 1230 2174 ao
1245 2113 1368 2193 proinde
1380 2113 1436 2192 ja-

228 2199 345 2262 daiour'n
360 2197 437 2260 illud
453 2200 552 2280 legale
566 2221 601 2262 ac
619 2199 744 2281 typicum
763 2199 873 2282 pascha
889 2201 1048 2262 celebravit
1064 2201 1199 2262 Salvator
1215 2209 1333 2276 noster,
1357 2200 1438 2279 quod
1472 2259 1473 2264 ,

228 2285 342 2368 prolixe
368 2289 606 2350 demonstratae
630 2285 792 2350 rationibus
818 2285 949 2348 suffulcit
972 2287 1148 2352 firmissimis
1165 2284 1382 2366 Sagittarinst.
1401 2306 1438 2362 c.,
1472 2297 1473 2340 ἲ

229 2375 279 2434 ubi
313 2371 398 2436 etiam
432 2372 594 2436 intricatam
627 2371 707 2436 illam
739 2373 957 2454 qaaestionem:
992 2381 1069 2434 Nava
1107 2377 1234 2436 Gloriatur
1267 2375 1360 2434 eodone
1393 2374 1440 2433 die
1472 2393 1473 2412 ι

228 2461 302 2531 iliad
313 2465 405 2539 aperit,
422 2482 475 2540 qao
491 2462 743 2538 ermeneumata,
774 2483 813 2521 an
835 2459 899 2522 aero
925 2463 1110 2522 Gloriatur
1127 2463 1184 2521 alio
1211 2481 1245 2522 ao
1258 2461 1361 2520 dodoci
1376 2461 1440 2520 olio

228 2548 317 2608 iddio
342 2549 465 2622 somniat,
491 2547 604 2626 prolixe
629 2556 796 2626 pertractat,
819 2546 916 2609 varias
941 2548 977 2608 de
995 2567 1030 2608 ea
1047 2543 1207 2608 sententias
1227 2544 1354 2626 exponit,
1372 2565 1440 2621 eas,

100 2635 109 2642 “
230 2651 306 2711 quae
322 2631 417 2692 minus
433 2632 568 2694 videntur
583 2631 767 2708 verisimiles,
785 2631 880 2712 rejicit
897 2643 925 2694 et
941 2635 1025 2694 suam
1042 2633 1230 2714 ejudcmqne
1246 2631 1442 2695 fundamenta
1472 2621 1473 2686 j

228 2715 259 2775 io
277 2715 402 2778 medinm
420 2715 504 2778 affert
519 2727 606 2798 atque
622 2719 660 2778 ab
676 2717 891 2798 objectionibus
907 2718 1043 2780 vindicat.
1055 2717 1131 2800 -ξ,
1151 2719 1199 2781 12.
1216 2717 1330 2778 Deinde
1348 2716 1442 2778 Clari-

229 2810 292 2864 stns
317 2801 511 2864 eucharistiae
535 2811 750 2866 sacramentum
774 2802 899 2886 instituit
927 2814 998 2868 teste
1021 2811 1102 2866 Lana
1127 2802 1178 2881 22,
1205 2806 1256 2880 20,
1272 2802 1324 2864 nbi
1340 2813 1442 2866 tamen
1472 2803 1473 2814 ’

230 2908 333 2952 versus
351 2889 392 2950 17
411 2887 506 2950 locam
523 2909 582 2950 non
599 2885 726 2968 invenit,
754 2911 818 2952 cum
842 2890 883 2952 ibi
901 2911 959 2952 non
976 2893 1012 2952 de
1028 2895 1127 2971 poaalo
1143 2893 1360 2967 sacramentali,
1392 2894 1444 2952 sod

229 2977 358 3056 panciroli
390 2997 423 3038 ao
455 2977 631 3038 valedictorio
663 2976 700 3038 sit
718 2975 838 3052 sermo,
873 2980 949 3058 quod
977 2998 1014 3039 ex
1038 2999 1066 3040 v.
1093 2977 1134 3042 18
1157 2976 1230 3038 satis
1253 2977 1442 3058 apparet‘*).
1472 3005 1473 3028 ι

229 3061 388 3124 Praeterea
405 3061 436 3122 in
451 3061 540 3140 priori
557 3065 598 3140 (v.
618 3058 673 3142 17)
691 3061 763 3124 nihil
778 3063 835 3126 nisi
852 3064 949 3126 vinum
960 3063 1091 3126 exhibuit
1108 3059 1274 3143 discipulis,
1288 3063 1319 3122 in
1336 3073 1443 3142 postc-

229 3146 301 3207 riori
316 3167 384 3210 vero
401 3145 546 3208 mediante
564 3147 715 3210 benedicto
732 3147 799 3210 vino
816 3149 902 3212 etiam
919 3149 1092 3231 sanguinem
1109 3149 1182 3230 ipsis
1199 3149 1358 3212 bibendum
1377 3159 1443 3212 tra-

229 3229 311 3291 didit.
327 3263 369 3276 -
387 3229 415 3312 ἓ.
437 3231 488 3294 13.
506 3231 641 3295 Ceterum
658 3236 694 3296 do
710 3235 814 3316 poculo
834 3237 896 3320 jaro
920 3237 996 3298 dicto
1014 3235 1145 3318 paschali
1160 3258 1197 3298 ex
1214 3235 1444 3318 antiquitatibus

230 3317 432 3381 Hebraeorum
449 3321 606 3382 notandum
624 3331 679 3393 est,
691 3325 766 3402 quod
783 3323 814 3384 in
831 3323 918 3404 epulo
926 3321 1059 3405 paschali
1076 3322 1284 3404 paterfamilias
1300 3323 1443 3403 poculum

229 3424 298 3466 ase
319 3402 475 3467 delibatum
493 3405 556 3468 sive
571 3418 792 3492 praegustatam
814 3411 964 3472 tradiderit
980 3410 1122 3492 proximo,
1147 3409 1198 3471 ille
1215 3411 1364 3485 secundo,
1390 3431 1443 3472 se-

158 3533 161 3540 ·
230 3493 345 3554 condus
362 3490 456 3570 tertio,
474 3493 567 3555 donec
584 3515 637 3574 per
652 3499 901 3577 totamoppacplae
918 3497 1153 3562 circumferretur
1169 3495 1260 3575 potio.
1276 3530 1318 3542 -
1340 3494 1370 3576 b.
1391 3495 1443 3561 lt.

229 3578 332 3640 Eidem
355 3577 462 3659 poculo
490 3579 545 3640 lrac
561 3581 687 3643 formula
704 3581 889 3644 benedixisse
905 3584 1023 3646 serunt:
1048 3585 1210 3646 Benedictus
1226 3605 1270 3661 ee,
1301 3589 1445 3644 Dominae

230 3671 308 3728 Deos
331 3676 432 3738 noster,
461 3671 526 3738 nea
550 3671 655 3739 maadi,
672 3675 719 3748 qai
733 3673 855 3744 tractatae
869 3677 934 3731 oilie
948 3677 1059 3732 creaoti.
1093 3669 1132 3731 Et
1149 3670 1206 3730 hoc
1220 3667 1360 3749 poculum
1388 3689 1444 3749 pa-

229 3751 329 3811 schale
344 3751 421 3812 inter
429 3759 563 3831 quatuor,
576 3773 651 3832 quac
668 3753 783 3832 quidam
794 3765 954 3832 numerant,
967 3755 1090 3836 primum
1106 3754 1200 3817 fuisse
1218 3753 1391 3835 conjiciunt.
1409 3755 1444 3818 V.

230 3834 410 3914 Sagittarius
426 3837 446 3900 l.
463 3837 484 3898 l.
502 3859 529 3918 p.
549 3837 610 3899 154
625 3858 666 3900 ss.
684 3871 725 3885 —
752 3836 780 3918 ξ.
798 3839 848 3902 15.
869 3840 1060 3904 Interamnia
1077 3850 1285 3922 aulem,quae
1303 3841 1444 3904 Christus

229 3920 318 4002 paulo
337 3930 404 3982 ante
421 3921 587 4002 passionem
606 3931 633 3984 et
649 3932 768 3985 mortem
785 3945 868 3987 suam
885 3927 955 4005 egit,
979 3929 1085 3990 eminet
1107 3925 1283 3992 sacramenti
1302 3927 1445 3988 euchari-

230 4006 295 4069 stioi
305 4005 457 4086 institutio,
474 4030 542 4072 nam
558 4029 614 4071 nec
631 4009 701 4090 agni
717 4009 869 4091 paschalis
884 4015 1082 4093 manducatio,
1097 4035 1153 4076 nec
1169 4015 1277 4096 pedum
1288 4011 1372 4094 lotio,
1391 4016 1446 4076 sed

298 4224 326 4294 *)
344 4227 467 4278 llarmon.
487 4229 578 4282 histor.
598 4244 668 4296 pass.
689 4244 748 4296 pag.
767 4235 812 4284 77,

297 4291 345 4362 **)
365 4295 438 4346 Hauc
459 4297 613 4348 sententiam
638 4314 672 4348 ex
697 4300 830 4357 veneribus
854 4303 964 4368 probant
993 4303 1163 4372 Hieronymus
1191 4303 1218 4356 in
1238 4299 1335 4358 ldattb.
1356 4323 1381 4357 c.
1399 4308 1443 4364 26.

229 4361 298 4416 lleda
316 4363 343 4416 in
362 4361 427 4414 Luc.
449 4367 492 4428 22,
512 4379 546 4414 ex
564 4363 706 4418 Pontifioiis
727 4383 777 4419 non
797 4371 884 4436 pauci,
900 4387 933 4424 ax
952 4373 1110 4427 nostratibus
1130 4373 1257 4438 theologis
1279 4374 1398 4441 plurimi.
1472 4369 1473 4372 ’
