3006 4894
229 285 294 406 ore
693 337 720 402 ι.
736 337 763 403 ι.
779 335 833 401 co.
851 297 979 419 rraraa)

232 521 312 580 eeret
334 511 422 578 etiam
438 513 517 576 banc
534 521 664 578 nostrum
682 511 779 576 dicere
804 511 1051 596 superstitionem.
1089 509 1151 575 Sed
1168 509 1320 596 quamsit
1343 511 1373 576 is
1390 520 1448 575 toto

232 623 272 668 ex
289 602 385 686 capite
399 602 489 682 louge
512 599 591 666 nlius
608 622 643 666 ae
661 599 812 681 diversus,
836 623 893 663 non
919 602 1033 666 ridetur
1053 599 1101 662 bic
1116 599 1285 662 huiusmodi
1295 601 1448 664 'meruisse

233 711 405 779 sensuram,
438 712 514 772 quae
545 689 632 754 simul
663 711 775 752 ornnem
800 687 1033 752 Christianorum
1060 685 1242 769 disciplinam
1266 687 1449 778 criminetur.

231 779 318 844 Unde
334 777 410 842 enim
425 779 614 860 repetendum
630 786 716 860 putas
738 775 892 860 profanam
916 777 991 838 illud
1010 776 1173 840 institutum
1185 783 1199 840 t
1213 775 1218 785 '
1231 775 1367 839 Ratione
1385 797 1449 840 ma·

232 867 328 950 gistra
344 865 442 930 erucis
458 865 598 943 formam,
623 865 700 931 omui
725 863 783 927 line
808 885 957 947 scopoque
982 871 1143 944 carentem,
1167 873 1208 927 tot
1226 861 1344 949 tamque
1362 865 1450 928 uariis

231 951 460 1040 hiereglppbieis
484 953 703 1016 characteribus
728 953 855 1016 adscribi
880 953 959 1014 baud
983 952 1133 1035 potuisse,
1158 951 1295 1034 judicata
1317 953 1451 1036 procliue

182 1089 193 1106 .
233 1052 290 1108 est.
326 1041 430 1124 Neque
446 1062 483 1104 ex
499 1062 580 1104 mera
604 1041 782 1104 abundantia
798 1043 834 1104 ad
855 1061 998 1103 summurn
1022 1039 1173 1122 fastigium
1191 1037 1285 1102 elatae
1302 1039 1450 1123 supersti-

233 1128 322 1194 tionis
339 1129 521 1212 provenerit,
539 1129 680 1207 arbitror,
705 1138 736 1191 ut
754 1128 957 1190 defunctorum
975 1128 1090 1190 eineres
1108 1125 1263 1210 tranquille
1280 1127 1345 1192 lore
1365 1128 1451 1190 eubi-

141 1207 148 1214 ’
233 1226 316 1282 tures
333 1215 390 1279 sibi
406 1219 625 1298 persuaderent,
642 1217 668 1279 si
686 1215 833 1298 sepulcris
850 1217 947 1278 crucis
964 1215 1092 1298 aliquem
1108 1215 1230 1278 sormam
1247 1213 1452 1298 ins'eulperent

233 1303 444 1386 infigerentre3
468 1307 505 1366 de
529 1325 564 1368 ea
581 1303 657 1366 enim
675 1303 776 1388 nullus
792 1323 920 1385 sensus,
945 1303 1025 1367 nulla
1044 1303 1183 1385 cogitatio
1198 1303 1272 1386 ipsis
1288 1303 1450 1382 insidebat,

233 1391 304 1458 lieet
318 1391 383 1474 ipse
409 1401 511 1473 aetus,
534 1413 619 1476 quem
643 1409 709 1454 cara
731 1413 818 1456 ernce
836 1391 1046 1469 instituebant,
1070 1411 1149 1454 mera
1166 1391 1335 1478 superstitio
1353 1391 1452 1456 luerit

235 1479 340 1561 Itaque
364 1479 459 1542 omnis
485 1501 520 1543 ea
544 1502 592 1542 res
624 1481 827 1542 documentum
854 1481 951 1562 potius
986 1479 1077 1542 refert
1108 1476 1154 1543 uel
1178 1471 1245 1541 ddei
1273 1479 1453 1542 christianae

235 1569 382 1650 quondam
399 1587 417 1630 a
433 1567 611 1648 maioribus,
638 1567 738 1630 audita
756 1566 901 1646 evangelii
929 1566 1164 1650 praedicatione,
1189 1577 1346 1648 acceptae,
1372 1589 1453 1630 nunc

234 1675 304 1722 rese
327 1675 442 1730 rursum
468 1657 633 1736 abnegatae
642 1681 652 1731 i
676 1653 722 1717 rel
746 1653 971 1738 uehementioris
996 1665 1104 1717 tantum
1128 1649 1233 1730 studii,
1257 1649 1401 1718 linitimos
1428 1665 1454 1718 et

233 1741 367 1826 proxime
383 1743 553 1806 adiacentes
570 1765 656 1807 verere
673 1741 827 1824 religionis
846 1741 973 1804 cultores
991 1741 1121 1804 imitandi
1138 1741 1176 1803 iis
1194 1741 1350 1821 in‘rebus,
1375 1763 1452 1826 quas

235 1833 273 1895 ad
290 1851 377 1897 sacra
395 1829 516 1912 pulcras
533 1841 620 1913 atqne
636 1829 774 1892 honestas
792 1838 945 1912 putarent3
965 1831 992 1891 id
1011 1833 1086 1918 quod
1106 1825 1296 1912 milai'plaret.
1335 1831 1453 1909 Quam-

235 1939 323 2004 quam
349 1918 425 1983 eninr
442 1927 597 2001 utrumqne
615 1927 818 2002 argumentum
842 1939 925 1980 suam
947 1917 1036 1980 babet
1060 1917 1116 1981 nim
1142 1939 1285 2000 suumque
1309 1917 1453 1998 n'nlorem,

235 2015 333 2068 tamen
349 2007 406 2068 boe
423 2005 515 2068 altero
533 2006 628 2086 magis
647 2005 716 2068 mibi
733 2027 800 2068 sese
817 2005 961 2087 probarit,
980 2013 1133 2088 propterea
1149 2007 1226 2088 quod
1245 2026 1280 2069 ex
1299 2027 1335 2069 eo
1353 2008 1453 2071 nidere

235 2093 316 2171 lieet,
333 2093 384 2174 qui
399 2093 518 2174 laetum,
534 2103 567 2156 ut
581 2095 639 2162 ium
656 2103 722 2156 aute
740 2094 887 2156 Christum
904 2102 1003 2156 natum
1020 2096 1096 2179 apud
1108 2094 1221 2158 drabes
1232 2095 1454 2178 Aegyptiosque

241 2180 338 2244 erucis
355 2179 473 2263 quidam
490 2202 563 2243 usus
578 2181 746 2260 innotuerit,
757 2179 812 2254 ille
830 2181 984 2258 niniiranr,
1001 2191 1034 2244 ut
1051 2181 1170 2266 opinor,
1187 2204 1224 2246 ex
1241 2177 1412 2266 κακοζηλίᾳ
1429 2193 1455 2246 et

236 2269 334 2332 studio
359 2288 458 2334 earum
483 2269 615 2352 gentium
638 2270 767 2332 imitandi
784 2267 935 2332 israelitas
961 2269 1212 2334 introducebatur.
1250 2270 1337 2347 Quod
1363 2293 1455 2354 quoru

234 2357 277 2420 itu
294 2357 340 2435 sit,
359 2366 437 2439 patet
453 2365 541 2434 certo,
560 2355 631 2418 nibil
652 2357 765 2439 profani
784 2358 1012 2439 necquidquam
1032 2357 1250 2442 superstitionis
1266 2358 1370 2420 inesse
1388 2361 1455 2440 sig·

233 2445 474 2522 uaonlo‘orueis,
497 2444 524 2506 si
544 2455 636 2508 ortum
654 2445 718 2508 eius
735 2453 822 2527 atque
845 2446 1040 2508 inventionem
1056 2456 1186 2526 spectes.
1221 2445 1350 2511 Exstant
1367 2449 1454 2524 eninr,

232 2536 315 2596 uude
331 2533 449 2595 duxerit
466 2553 501 2596 ea
518 2537 714 2612 consuetudo,
735 2533 825 2616 longe
842 2535 977 2614 proniores
994 2531 1107 2611 fontes,
1129 2533 1295 2616 utpotequi
1314 2536 1453 2614 patefacti

223 2637 226 2644 ’
232 2622 371 2704 jamjam,
396 2620 492 2682 saltim
509 2623 612 2683 detecti
629 2631 713 2699 sunt,
738 2641 804 2682 enm
822 2625 1019 2699 ostenderem,
1045 2621 1184 2702 profanos
1206 2623 1245 2683 ab
1268 2619 1337 2684 aliis
1355 2622 1453 2706 iisque

234 2708 406 2770 sanioribus
422 2708 601 2786 bominibus
619 2709 758 2792 quidquid
775 2709 872 2773 crucis
887 2709 968 2788 signi
986 2719 1039 2787 eat,
1057 2707 1303 2772 temorenatuari
1322 2729 1454 2774 eonsue-

235 2796 326 2858 risse.
364 2796 528 2875 Pergamus
544 2797 642 2878 itaque
660 2807 739 2858 recta
755 2817 791 2858 ac
807 2795 910 2858 sedulo
927 2797 1030 2860 iisdem
1049 2797 1189 2860 insistere
1205 2797 1351 2875 lontibus,
1364 2819 1453 2880 ques

235 2883 370 2964 equidem
388 2883 524 2961 arbitror,
541 2905 558 2945 e
573 2884 647 2946 Sina
665 2895 693 2946 et
709 2885 871 2964 Gotgatba,
888 2885 984 2946 sacris
999 2885 1108 2966 pariter
1123 2905 1160 2947 ao
1175 2885 1379 2948 celeberrimis
1397 2887 1454 2950 illis

232 2971 394 3050 montibus,
411 2973 605 3034 scaturientes
622 2971 805 3050 uidebimus,
823 2973 1016 3051 inveniemus,
1033 2971 1160 3054 inquam,
1177 2971 1354 3036 lectissimas
1375 2975 1413 3040 V.
1429 2985 1455 3036 et

228 3060 274 3123 ·N.
288 3059 419 3122 foederis
435 3069 556 3139 gentes,
582 3060 709 3122 omniurn
732 3046 884 3140 principes
901 3071 1036 3126 auctores
1055 3061 1148 3123 inisse
1170 3063 1205 3123 ad
1230 3059 1454 3143 suscipiendum

236 3147 426 3208 colendumne
442 3145 561 3226 aliquod
580 3147 677 3208 erucis
695 3147 890 3226 signaculum.
1133 3163 1146 3184 “

265 3260 271 3288 ·.
323 3233 367 3294 Ao
383 3235 420 3293 de
435 3233 577 3294 israelitis
593 3235 709 3315 equidem
731 3234 822 3314 longa
839 3235 1035 3317 disputatione
1052 3253 1109 3298 nou
1124 3257 1202 3318 opus
1225 3235 1289 3298 edit.¹
1325 3237 1453 3317 Mittam,

236 3321 314 3401 quod
332 3319 441 3401 pbrcuit
455 3319 533 3383 baert
551 3322 654 3403 paucis
674 3319 807 3384 nimirum
826 3317 889 3389 eam
907 3325 999 3405 ipsam
1015 3335 1151 3408 genunt,
1176 3323 1222 3388 rol
1241 3333 1404 3408 autequam
1420 3349 1452 3390 ex

225 3407 367 3490 taogypeo
384 3408 567 3487 diseederet,
585 3411 683 3472 erneis
702 3411 815 3472 tormoe
832 3413 984 3474 adsuetam
999 3413 1115 3476 tuisse:
1134 3415 1181 3475 do
1196 3431 1258 3494 qua
1270 3432 1305 3476 re
1324 3413 1365 3476 sit
1382 3415 1451 3478 tides

224 3509 327 3578 ‘poenes
345 3505 503 3572 auctorem.
541 3499 629 3560 Certe
646 3517 716 3561 cero
732 3499 841 3562 certius
857 3497 912 3560 troc
930 3509 1005 3577 esto,
1018 3504 1095 3582 qued
1111 3510 1178 3582 post
1193 3521 1258 3563 enm
1273 3503 1451 3583 peregrina-

232 3585 341 3664 tionem
358 3595 387 3647 et
402 3586 501 3648 divina
516 3587 633 3648 adducti
651 3587 832 3649 institutione
848 3597 877 3648 et
893 3587 1037 3666 singulari
1054 3589 1313 3671 quotamptetarts
1331 3591 1450 3654 adfectu

226 3672 363 3758 'perculsi
380 3671 571 3736 itliflebraoi
588 3675 684 3738 erneis
701 3675 823 3737 formem
839 3675 936 3738 colere
952 3675 1125 3758 inceperint.
1156 3675 1272 3740 Etenim
1289 3697 1350 3739 nou
1369 3681 1449 3742 modo

199 3831 202 3836 y
234 3783 345 3842 agnum
361 3759 546 3843 paschalem,
570 3763 600 3821 in
618 3763 713 3826 crucis
730 3763 824 3825 forma
847 3761 1011 3844 expansum
1033 3763 1121 3847 atque
1144 3767 1182 3826 ad
1201 3761 1299 3849 ignem
1319 3779 1448 3830 assatum

233 3847 346 3925 inisse,
372 3859 508 3912 auctores
524 3845 724 3930 babemus*);
749 3853 804 3914 sed
826 3851 910 3914 etiam
928 3853 1074 3936 serpentis
1097 3851 1182 3915 acoei
1205 3853 1349 3934 erectio,
1366 3875 1448 3938 quau

233 3936 317 3998 Deus
335 3938 473 4018 exigebat
484 3935 546 4019 *⁸),
572 3935 667 4000 satius
683 3939 746 4000 'boo
771 3941 957 4003 demonstrat.
995 3940 1147 4023 Siquidem
1163 3941 1276 4022 pertico
1296 3943 1448 4006 vexillaris

233 4022 308 4102 tuit,
330 4044 405 4104 qaae
422 4034 519 4088 erecto
538 4035 764 4107 transversoqne
783 4037 811 4089 et
827 4029 922 4089 erucis
938 4031 1038 4109 specie
1055 4029 1198 4111 disposite
1213 4028 1311 4114 stipite
1327 4041 1445 4094 consta·

234 4113 301 4189 bat,
327 4131 386 4192 quo
402 4133 491 4194 sapor
506 4133 619 4176 aeneus
647 4112 702 4175 iste
720 4133 843 4196 serpens
863 4115 990 4180 aMose'
1002 4116 1166 4180 indeserta
1188 4107 1316 4198 regione¹
1328 4117 1445 4182 Sinairr

234 4199 413 4290 erigebatur.
448 4201 583 4268 Ceterum
595 4201 626 4266 si
645 4221 746 4288 rerum
763 4212 815 4284 est,
833 4203 1043 4288 quod'snriptis
1059 4205 1263 4275 Rabbioorudr
1278 4205 1406 4292 relatum
1422 4212 1443 4270 et

234 4379 457 4392 u-.-.-—-—-

299 4487 333 4587 :p
349 4486 390 4543 Cl.
407 4486 535 4542 Meebiunt
555 4491 574 4545 1.
591 4508 614 4546 e.
632 4493 665 4543 de
681 4507 753 4558 agne
768 4496 892 4562 paschali
902 4495 935 4566 §
952 4497 998 4554 50.
1012 4515 1043 4574 Ι[ι.
1063 4480 1136 4562 895
1175 4487 1184 4500 ⁴
1225 4491 1229 4498 ’
1277 4561 1282 4574 ‚

333 4557 583 4624 >dolendumne
602 4567 777 4628 errpmtedl.
797 4562 824 4633 §
844 4567 886 4620 2¹2.
908 4571 1034 4634 p.221.‘
1259 4571 1263 4579 ¹
