2944 4904
149 271 152 276 '
211 263 248 324 de
271 261 349 344 orig.
365 225 472 328 cullen.
490 261 582 329 nntsl.
597 263 668 329 Chr.
684 285 722 328 en
738 263 835 330 lestis.
853 264 959 330 usulis
974 266 1085 332 invicti.
1186 269 1249 336 iil

44 435 155 496 nemine
171 433 366 497 circumferri.
399 436 516 526 lindum
532 436 608 500 enim
624 457 643 500 ι
658 437 729 502 viris
746 437 839 502 doctis
856 437 975 521 plenum
993 439 1101 504 loetum
1118 449 1180 519 est,
1197 459 1250 506 ess

42 521 85 582 rix
101 520 199 602 quinti
215 521 308 584 seculi
326 522 436 584 foetum
453 543 530 589 esse.
554 525 630 603 Quis
649 535 745 590 eutem
762 526 907 608 scriptori,
933 527 1021 605 iulso,
1044 525 1250 609 Apostolorum
1279 519 1284 596 J

44 608 123 670 ueluti
138 609 315 691 jubentium,
332 610 449 673 nomine
466 611 552 673 nobis
567 612 742 694 imponenti,
770 615 806 676 de
824 635 855 676 re
870 615 908 677 ub
925 614 1020 695 ipsius
1038 613 1177 678 memorie
1192 624 1251 679 tem
1298 645 1303 650 ·

44 693 125 776 longe
142 706 254 758 remote
272 697 469 759 testimonium
486 699 698 764 denunciuhitt
1344 699 1347 703 ’

117 783 206 861 Quod
222 783 248 846 si
265 782 392 846 nutuleni
410 785 517 848 Christi
533 785 747 869 antiquissimis
763 787 951 872 temporibus
960 787 1143 870 ignorarunt,
1159 787 1251 852 multo

42 869 433 950 mugisncscieriutnecesse
450 883 506 951 cst,
521 895 587 936 euru
606 874 653 936 dic
668 875 722 937 25.
734 876 798 938 dec.
814 877 961 954 ngenium
978 895 1046 938 esse
1058 874 1269 939 eteclebrsn··

43 959 116 1020 dnm.
141 963 204 1018 lmo
221 979 299 1036 vcro,
319 981 377 1041 quo
395 970 522 1040 tempure
539 971 673 1042 coeptum
691 973 735 1024 est
750 961 857 1043 inquiri
873 955 1111 1044 περιεργότερον
1126 961 1158 1024 iu
1174 962 1251 1026 diem
1343 975 1345 982 '

42 1041 165 1106 natalem
184 1044 303 1122 Christi,
321 1067 431 1124 omnes,
454 1067 578 1128 quorum
595 1048 755 1112 sententies
779 1047 963 1112 Clemens
980 1047 1128 1125 ntus>
1152 1049 1252 1128 refert,

41 1130 275 1194 inclinatioribus
291 1134 327 1195 ud
344 1154 464 1196 vernum
482 1144 596 1216 tempus
614 1135 719 1199 animis
747 1135 779 1197 in
795 1157 924 1200 mensem
941 1135 1063 1218 aprilem
1080 1134 1127 1200 rel
1144 1137 1253 1221 mujnm
1339 1197 1348 1220 ,

43 1229 265 1283 consenserunt.
1018 1225 1020 1234 '

125 1305 188 1383 Qui
211 1306 257 1383 si,
282 1327 369 1388 quum
387 1305 507 1388 propius
528 1309 671 1372 obessent
686 1313 725 1373 ub
743 1269 842 1373 eorum
870 1317 983 1391 uetutc,
1011 1308 1253 1392 quibus'nutnlis

43 1392 150 1456 Christi
168 1393 265 1454 notior
281 1413 350 1456 esse
366 1403 490 1475 poterut,
515 1397 594 1475 (num
610 1396 662 1459 illu
677 1398 835 1480 περιεργία
851 1395 946 1461 seculi
963 1407 1007 1462 cst
1022 1419 1052 1479 p.
1069 1395 1139 1461 (ihr.
1155 1417 1185 1461 n.
1201 1397 1254 1480 ll.)
1288 1481 1290 1492 Ι

47 1523 278 1534 *un—*c*—

106 1579 138 1642 *)
156 1582 290 1633 sternent.
310 1581 328 1630 l.
350 1580 368 1630 l.
391 1578 485 1647 pilio.
506 1582 547 1634 ed.
569 1583 660 1635 Coton.
678 1579 750 1633 'Eunt
769 1579 811 1647 di,
829 1582 856 1635 oi
872 1575 1086 1653 περιεργότερον
1102 1581 1134 1654 τῇ
1150 1583 1255 1650 γενέσει

43 1651 85 1699 roi
103 1648 240 1733 Eurique
257 1643 338 1730 ipsuis
354 1644 392 1728 or'q
405 1641 498 1718 μόνον
514 1647 544 1702 τὸ
567 1651 637 1714 troc,
648 1646 720 1731 dtttq
740 1651 787 1702 ειιὶ
805 1647 854 1716 τὴν
873 1645 980 1772 ipsiquo
998 1653 1201 1736 npootqltmr.
1220 1646 1256 1712 iis

43 1731 131 1838 titt
145 1719 471 1849 {ttitttlttttt
491 1717 652 1849 iiiiii?
665 1721 955 1857 cliiiiilliiiiei,
972 1717 1255 1858 iiiiii&

43 1871 79 1912 τις
95 1803 442 1933 ἀνογυιίσεσι.,’ᾤασί46ὲ
466 1847 584 1907 εἶναιτὸ
603 1854 851 1909 πεντεκαιδέκατον
870 1857 930 1917 ἔτος
958 1859 1085 1925 Τιβερίου
1104 1859 1254 1924 Καίσαρος,

43 1921 86 1976 rim
98 1917 353 1986 πενεειιαιδείατην
362 1924 409 1974 roi
421 1920 594 1988 Τυβίμηνὸς.
619 1923 698 1983 Τινὲς
704 1923 735 1976 dt
743 1919 829 1989 ἀυτὴν
837 1919 988 1990 ἑνδεκάτην
1004 1927 1053 1977 τοῦ
1062 1921 1149 1977 icturi
1158 1922 1256 1994 μηνὸς,

43 1986 296 2050 τόιειιιίθοςάυτοῦ
318 1987 584 2075 ἀκριβολογούμενοι
602 1993 746 2061 φέρουσιν,
765 1996 791 2045 bi
802 1995 855 2064 μέν
870 2010 948 2060 τινες,
961 1986 1256 2064 εῷὶκγαιδεκάιῳίεει

46 2063 169 2126 Τιβερίου
180 2064 331 2126 Καίσαρος,
343 2062 487 2128 ‘hupenci
508 2061 548 2125 κέ,
566 2063 593 2112 ol
608 2061 638 2114 dl
648 2062 799 2131 Φαρμουθὶ
816 2065 855 2115 κέ·
877 2059 954 2114 ἰίίλοι
963 2061 994 2116 δὲ
1002 2062 1153 2131 Φαρμουθὶ
1162 2055 1257 2116 rd'nt·
1327 2121 1332 2126 .

43 2131 178 2180 novds‘vrre
206 2125 256 2180 τὸν
272 2129 388 2195 Σωτῆρα
406 2130 543 2195 λέγουσιν·
573 2130 619 2181 ναὶ
640 2125 698 2199 μήν
724 2145 794 2190 τινες
814 2129 905 2183 αὐτῶν
921 2147 992 2200 opnor
1009 2130 1162 2200 Φαρμουθὶ
1178 2147 1256 2200 γεγε-

44 2199 140 2260 νῆσθαι
162 2190 217 2258 κδ’,
236 2191 254 2259 ἤ
271 2198 311 2248 κέ.
334 2197 387 2248 lloe
405 2200 565 2252 memorabili
585 2199 642 2252 loco
663 2217 738 2268 quum
762 2209 881 2252 recenset
908 2202 1072 2253 Clemens
1089 2201 1178 2252 verius
1196 2217 1256 2254 scu·

43 2269 133 2318 tentius
152 2281 255 2329 eorum,
275 2266 317 2331 qui
337 2281 382 2317 suo
403 2273 518 2334 tempore
536 2271 668 2336 ιριιίοείιιι
686 2269 711 2319 in
733 2269 799 2320 diem
819 2269 915 2320 Christi
935 2271 1046 2320 notulem
1064 2269 1255 2336 inquisiverint,

44 2351 94 2386 enm
123 2336 207 2402 primo
233 2335 320 2385 stulirn
350 2335 405 2386 loco
433 2344 629 2400 commemoret,
650 2351 715 2402 quus
736 2337 777 2390 dic
798 2340 841 2390 25.
861 2336 997 2401 Pechonis,
1018 2338 1060 2402 qui
1079 2339 1105 2387 in
1124 2337 1190 2388 diem
1211 2342 1255 2392 25.

43 2405 99 2454 maii
118 2404 225 2465 incidit,
247 2409 335 2453 ustum
354 2403 483 2455 Christum
503 2405 604 2455 statuit.
642 2404 723 2471 Quum
743 2405 898 2455 sententium
917 2405 953 2454 nit
980 2405 1178 2454 communiorem
1199 2419 1256 2455 esse

43 2473 107 2524 inter
126 2471 292 2532 catholicos,
314 2473 361 2522 etsi
381 2488 461 2538 neque
479 2489 551 2524 snum
571 2473 626 2539 ipse
642 2472 767 2538 judicium
788 2472 928 2538 interponit
947 2487 1028 2537 neque
1050 2471 1082 2522 ud
1100 2472 1257 2524 sententium

43 2543 192 2659 etqq'usqusm
205 2540 325 2659 aqectpqq
339 2539 797 2660 ltuqueqquientpntiquutruditipne
812 2555 917 2659 vepnpm
936 2539 1151 2658 tenqpupmuluqt‚
1169 2540 1191 2659 pi
1203 2554 1258 2660 pp·

42 2617 163 2760 triti?
181 2623 402 2762 attinnt?
412 2625 484 2757 iri?
499 2625 631 2758 plinii?
642 2623 748 2760 titt
761 2622 1170 2758 ’.t¹¹.t...,“ttl.(ttt.t}..:
1190 2635 1259 2760 oe}

11 2819 14 2842 ·
42 2743 322 2878 ttttttchllt·
336 2745 532 2864 bittit·
549 2745 1260 2881 :tittttlttttrttttttttttttlth

43 2891 66 2931 et
81 2887 239 2933 constantes
254 2881 288 2937 ,in
310 2881 399 2931 eudem
419 2883 548 2932 sententie
567 2882 692 2944 luissent,
714 2881 828 2949 proiecto
849 2883 918 2949 pessi
937 2898 985 2933 non
1005 2889 1102 2946 essent,
1125 2898 1174 2948 quo
1194 2889 1259 2936 tem-

43 2966 98 3015 pore
120 2950 210 3002 sceris
230 2949 340 3016 publicis
360 2949 487 3000 celebruni
506 2951 592 3016 eoepit
610 2951 704 3002 notulis
723 2951 829 3015 Christi,
850 2951 927 3001 aliurn
950 2951 1006 3014 ejus
1027 2950 1093 3000 diem
1112 2950 1162 3000 sibi
1182 2965 1259 3016 prue-

42 3021 128 3071 scribi.
171 3016 237 3068 Num
258 3018 383 3086 principio
402 3025 511 3082 egerunt
524 3019 594 3070 illum
615 3019 656 3070 die
674 3021 701 3072 6.
721 3019 795 3083 jun,
816 3035 865 3087 quo
882 3026 973 3086 posteu
991 3018 1135 3084 repudiato,
1156 3024 1182 3068 et
1200 3018 1259 3084 qui·

42 3088 94 3140 dem
122 3087 217 3140 seculo
232 3103 257 3154 p.
285 3087 346 3138 Chr.
367 3103 392 3136 n.
413 3085 457 3151 V.,
477 3087 544 3137 diem
564 3087 744 3138 ndsumserunt
762 3089 806 3142 25.
828 3088 884 3138 dcc.
906 3119 938 3130 -
957 3085 1045 3138 Verba
1065 3085 1260 3150 Clementis

44 3157 102 3208 nihil
123 3157 236 3220 hubent,
268 3171 301 3207 cx
319 3171 368 3221 quo
390 3156 447 3220 quis
465 3157 640 3218 argumentari
658 3157 739 3222 possit
759 3171 804 3222 pro
827 3156 953 3208 alterutro
979 3153 1108 3207 sententie
1137 3160 1182 3206 unt
1208 3154 1260 3206 diui

42 3227 64 3277 6.
89 3227 151 3290 jun.
182 3230 228 3274 eut
251 3224 302 3275 diei
327 3225 371 3277 25.
391 3224 448 3277 dec.
473 3222 548 3274 'Num
569 3225 594 3274 iu
616 3225 768 3274 e'uurrnndis
788 3224 906 3290 plurimis
924 3231 1041 3276 veterum
1059 3221 1216 3289 conjecturis
1233 3227 1261 3276 ot

44 3292 230 3345 traditionibus
252 3292 401 3356 J'unnuriuru
434 3307 546 3343 mensem
571 3293 632 3342 solis
656 3292 822 3342 Busilidiuuis
847 3292 956 3354 tribuit,
978 3293 1081 3344 minime
1099 3293 1126 3342 id
1144 3291 1260 3343 tecturus

44 3370 83 3412 sut
105 3360 268 3414 sententium
295 3361 387 3412 sellem
408 3361 433 3410 in
461 3361 538 3411 dubio
566 3377 614 3410 non
634 3361 788 3424 relicturus,
808 3361 841 3424 si,
859 3367 888 3409 ut
906 3361 1009 3426 quidum
1027 3361 1186 3422 existiment,
1207 3359 1262 3426 opi·

44 3431 144 3483 tionem
173 3429 204 3480 de
225 3429 267 3479 die
286 3431 312 3482 6.
330 3429 389 3494 juno
408 3430 486 3479 certis
507 3429 609 3479 indiciis
628 3422 807 3496 Apostolorum
835 3429 991 3479 auctoritate
1009 3429 1095 3478 ninum
1120 3435 1146 3478 et
1170 3427 1262 3478 lundu-
1355 3459 1359 3465 .

43 3505 90 3550 turn
109 3497 295 3564 comperisset.
324 3495 362 3547 De
384 3497 426 3547 die
444 3500 487 3560 25.
510 3498 566 3548 dee.
585 3497 638 3562 jum
658 3497 733 3564 ploue
754 3495 822 3560 silet,
845 3511 932 3560 quum,
951 3496 974 3546 si
993 3497 1036 3562 qui
1055 3494 1261 3546 Christianorum
1316 3497 1318 3502 ’

45 3565 120 3631 ipsius
144 3573 261 3632 tompore
280 3566 304 3615 in
326 3581 358 3615 eu
378 3567 506 3616 sententis
527 3565 643 3624 inissent,
665 3565 691 3614 id
710 3564 779 3616 nullo
800 3564 874 3615 modo
893 3563 983 3628 lugere
1005 3561 1132 3630 potuisset
1151 3561 1261 3613 bominis

44 3634 232 3686 litteratissimi
250 3634 362 3684 studium
392 3633 456 3685 tulin
474 3634 586 3700 undique
605 3633 781 3700 conquirendi.
818 3631 852 3684 Ut
869 3631 944 3698 odeo,
967 3633 1010 3700 qui
1029 3630 1140 3682 uutelem
1159 3628 1261 3682 Domini

45 3703 153 3754 hiberno
169 3709 284 3768 tempore
304 3701 438 3766 deliniunt,
457 3703 614 3753 unctoritnte
635 3701 826 3753 Clementis
845 3701 987 3753 nonvmorto
1009 3715 1058 3751 non
1079 3697 1260 3764 defenduntur,

45 3772 190 3823 sedetiam
212 3775 399 3838 oppugnentnr.
437 3768 556 3821 Ceterum
576 3773 737 3837 proecipuus
761 3777 878 3822 ueterum
894 3770 927 3823 de
945 3771 987 3822 die
1007 3771 1074 3821 lesu
1093 3767 1193 3824 Christi
1210 3785 1262 3821 nn·

45 3843 92 3893 tnli
106 3840 260 3894 sententies
273 3839 405 3890 recensuit
419 3837 445 3892 b.
458 3846 533 3904 puter
549 3853 630 3902 mens,
652 3853 744 3906 propr.
766 3821 953 3905 fest‘nntioit.
973 3837 1035 3890 Cir.
1053 3835 1167 3901 (Witeb.
1183 3838 1262 3901 1728)
1373 3893 1382 3904 ,

46 3910 110 3973 quud
131 3909 197 3960 item
218 3907 314 3960 lectum
332 3914 373 3957 est
392 3921 407 3957 u
425 3904 547 3959 Thomu
565 3906 709 3971 ittigio,
728 3907 824 3958 dissert
849 3906 895 3958 lll.
928 3909 960 3958 de
976 3907 1032 3958 ritu
1050 3907 1147 3972 festum
1164 3908 1264 3960 sotici·

46 3981 110 4030 tutis
134 3976 239 4030 Christi
256 3978 299 4028 die
317 3977 359 4029 25.
378 3977 433 4027 ιίοο.
455 3975 603 4029 celebrandi
622 3975 730 4044 ejusque
754 3978 920 4044 antiquitate,
956 3973 1072 4042 Append.
1101 3975 1205 4026 dissert.
1231 3974 1264 4025 ds

45 4043 257 4098 Haerentes-chio
276 4046 334 4096 neci
352 4045 494 4111 apostolici
513 4061 537 4111 p.
562 4045 613 4098 386
637 4058 672 4093 ss.
692 4071 725 4082 -
746 4042 784 4094 Eo
810 4045 884 4108 loeo,
915 4043 958 4109 qni
987 4043 1053 4094 bunc
1071 4043 1103 4094 de
1123 4043 1164 4094 die
1183 4041 1265 4094 netuli

45 4113 146 4166 Christi
170 4112 371 4180 disputetionem
395 4112 511 4178 proxime
535 4111 676 4176 antecedit,
702 4111 805 4163 dixerut
823 4111 1002 4175 Clemens,
1027 4127 1044 4162 u
1069 4118 1183 4180 ternpore
1208 4109 1264 4161 neti

46 4181 147 4234 Christi
168 4195 250 4248 usqne
270 4179 303 4232 ud
321 4185 428 4242 mortem
447 4179 578 4234 Commodi
595 4179 657 4249 lmp.
684 4195 765 4238 nonos
785 4195 842 4230 esse
862 4179 921 4243 194,
949 4193 1062 4232 mensem
1089 4185 1115 4245 1,
1144 4178 1199 4230 dics
1220 4181 1263 4232 id·
1309 4187 1312 4191 ’

47 4249 82 4300 lis
103 4249 203 4318 quibus
221 4249 309 4302 verbis
324 4263 417 4300 eruero
435 4249 502 4301 diem
521 4247 575 4300 neti
595 4247 692 4300 Christi
710 4247 831 4299 volueret
851 4247 919 4300 Sul.
942 4263 968 4298 v.
995 4247 1062 4314 Til,
1080 4249 1146 4301 diss.
1164 4249 1197 4300 de
1213 4263 1265 4298 nn·

46 4321 97 4370 teli
119 4319 224 4372 Christi
246 4333 270 4384 p.
289 4321 333 4370 31.
362 4317 413 4368 Sed
434 4317 548 4368 ostendit
564 4316 590 4367 ei
617 4315 700 4368 Sum.
722 4317 888 4381 basnage,
909 4317 1008 4369 Annei.
1029 4315 1060 4368 T.
1082 4315 1264 4380 t.·119.,nor

45 4388 121 4438 nodo
145 4387 232 4438 locum
251 4385 278 4436 iu
293 4387 385 4440 mendo
404 4387 511 4450 cubem,
528 4401 618 4438 verum
638 4386 717 4439 etism
735 4385 892 4439 Clementem
911 4384 1138 4440 ntihlesnndrius
1156 4383 1265 4452 epocha,

46 4457 88 4511 rel
107 4455 227 4520 radone,
249 4469 343 4512 eruum
364 4470 380 4508 ι
400 4469 487 4510 meuse
502 4454 568 4523 julio
590 4453 751 4510 numerundi.
1191 4478 1193 4484 ·

1021 4537 1068 4604 ,.
