2944 4904
211 357 273 401 var.
290 339 326 400 de
343 335 420 416 orig.
438 335 505 401 fest.
522 335 592 400 Chr.
610 314 669 401 nat.
686 297 897 400 sententiarum
913 335 1059 419 epicrisis.
1181 339 1260 403 lde.

33 509 200 572 Servatoris
211 529 394 591 nonsemper
409 501 468 572 nno
486 511 645 592 eodemque
662 507 709 572 dio
726 529 779 590 per
794 507 961 572 universam
977 507 1132 588 ecclesiam
1149 507 1246 574 luisse
1303 543 1308 548 ·

33 599 224 662 celebratum.
256 598 451 660 Extorsernnt
475 597 591 660 omuino
624 591 801 660 consensum
825 596 914 658 istum
936 593 1103 658 clarissimo
1125 595 1246 676 indicia,

34 707 108 766 quae
127 685 255 766 deipsis
281 685 366 748 etiam
384 685 500 764 diebus,
533 685 608 747 intcr
631 705 705 766 quos
732 683 838 752 divisa¹
853 683 1009 766 aliquando
1033 683 1088 745 duit
1111 682 1180 746 sesti
1196 705 1247 747 re-

33 771 117 852 ligio,
135 772 209 834 nihil
225 773 330 834 incerti
347 773 537 855 reliquerunt.
562 771 643 835 Nihil
662 771 771 834 certius
789 779 833 834 est
849 781 934 858 atqup
952 767 1142 852 exploratius,
1161 791 1248 854 qnam

36 860 204 924 Occidentis
217 860 370 939 ecclesias,
387 872 438 924 aut
453 861 615 923 Romanam
632 859 734 922 saltem
749 857 1145 940 ecclesiamoodemsemper‚
1162 877 1248 940 quem

36 947 127 1009 adhuc
145 947 255 1010 festum
271 947 397 1027 agimus,
413 947 460 1010 dic
476 947 527 1011 25.
544 967 587 1010 se.
604 946 714 1008 mensis
732 945 905 1023 decembris,
918 945 1084 1008 memoriam
1103 943 1162 1007 nati
1173 946 1247 1008 Ser-

36 1035 146 1096 vatoris
165 1035 327 1096 recoluisse
340 1038 380 1113 *),
398 1056 452 1096 nec
468 1055 537 1096 vero
555 1033 744 1116 paucioribus
761 1054 816 1094 nec
839 1032 1047 1096 infirmioribus
1075 1031 1248 1096 testimoniis

35 1133 158 1198 cunstat,
174 1122 206 1182 in
224 1121 359 1183 ecclesiis
376 1121 564 1203 Aegyptiacis
583 1130 610 1183 et
628 1121 761 1204 Cypriis,
777 1120 807 1180 in
823 1120 1014 1198 Antiochum,
1033 1119 1248 1203 Hierosolymi-

36 1221 113 1284 tana,
143 1207 469 1289 Constantinopolitano
487 1209 610 1290 aliisque
628 1211 664 1269 ad
682 1209 833 1270 dioeceses
850 1207 933 1269 Ponti
953 1222 981 1268 et
1003 1207 1133 1270 Orientis
1158 1207 1250 1288 perti-

37 1296 174 1358 nentibus
193 1317 246 1376 per
262 1295 373 1376 aliquot
390 1293 492 1358 serula
510 1295 585 1357 diem
603 1297 633 1358 6.
648 1296 710 1378 jan.
729 1306 866 1376 tanquam
885 1295 1009 1356 natalem
1022 1293 1137 1355 Domini
1154 1295 1250 1358 fuisse

38 1385 225 1446 celebratum.
258 1383 321 1443 Etsi
341 1385 416 1444 enim
434 1381 566 1444 ultimum
583 1381 661 1444 hunc
678 1383 769 1458 diem,
786 1382 855 1443 festi
872 1381 1044 1462 epiphanias
1061 1379 1108 1443 vcl
1126 1381 1250 1462 epipha-

37 1472 150 1532 niorum
167 1471 284 1531 nomine
302 1469 483 1549 insignitum,
501 1470 656 1532 memoriae
673 1469 798 1550 piurima
816 1469 930 1549 gloriae
948 1468 1063 1530 divinae
1080 1469 1250 1532 manifesta-

39 1557 146 1618 tionum
165 1579 218 1638 per
240 1557 388 1620 Christum
406 1569 433 1620 et
450 1571 567 1640 propter
583 1558 728 1620 Christum
747 1558 908 1634 factarum,
938 1555 978 1617 uti
997 1556 1153 1618 memoriae
1169 1553 1251 1619 iilius

40 1644 251 1726 apparitionis,
274 1665 349 1726 quae
375 1645 550 1725 baptismum
577 1645 684 1708 Christi
707 1643 870 1718 illustrem,
896 1643 1052 1706 memoriae
1075 1635 1204 1726 prodipyii
1220 1643 1252 1706 in

42 1731 120 1794 coelo
137 1729 207 1807 visi,
224 1735 301 1813 quod
321 1733 416 1813 magis
433 1733 593 1812 gentilibus
610 1746 707 1794 natum
727 1731 808 1793 orbis
827 1731 1010 1794 Servatorem
1030 1731 1198 1812 cognitum,
1224 1742 1253 1792 et

43 1820 122 1899 primi
143 1821 230 1880 etiam
250 1819 396 1895 miraculi,
416 1841 467 1901 per
483 1823 557 1901 quod
576 1820 640 1900 ipse
659 1819 783 1882 divinam
800 1840 882 1880 suam
907 1819 1038 1880 virtutem
1063 1817 1252 1900 conspicuam
1347 1857 1369 1883 ·.

44 1907 174 1982 reddidit,
193 1921 393 1969 consecratum
412 1895 507 1968 lussse
523 1907 652 1970 relevant
669 1907 831 1988 Gregorius
848 1907 937 1980 Nan,
964 1905 1155 1986 Epiphanius,
1174 1905 1252 1966 Cas-

45 1995 144 2055 sianus
162 1991 282 2074 aliique.
300 1995 386 2056 iidem
405 2007 498 2056 tamen
516 1997 623 2058 diserte
641 1994 725 2057 etiam
744 1995 897 2070 affirmant,
915 1991 1069 2054 maximam
1086 1991 1163 2053 desto
1180 2013 1253 2054 san-

46 2082 168 2144 ctitatem
189 2093 216 2142 et
233 2079 446 2144 sollennitatem
465 2104 501 2144 ex
520 2105 553 2145 eo
571 2082 745 2158 accrevisse,
770 2083 845 2163 quod
864 2080 999 2142 Christus
1016 2085 1101 2142 etiarn
1118 2079 1184 2162 ipso
1202 2077 1254 2143 illo

48 2169 102 2246 die,
121 2183 178 2229 tam
198 2169 295 2230 multis
313 2167 505 2232 uliisdivinae
522 2171 635 2251 gloriae
653 2192 687 2231 ac
705 2171 811 2232 amoris
828 2169 858 2230 iu
871 2189 966 2248 genus
977 2169 1133 2230 humanum
1147 2167 1255 2248 pigno-

46 2257 126 2317 ribus
143 2255 265 2334 insigni,
284 2269 367 2318 natus
385 2259 557 2319 credebatur
567 2259 619 2336 **).
652 2257 739 2320 Istam
757 2267 852 2318 antem
870 2255 1064 2317 diversitatem
1090 2255 1120 2316 in
1138 2253 1255 2336 figendo

49 2357 74 2406 at
92 2344 267 2406 celebrando
285 2345 332 2405 die
349 2343 514 2406 Servatnris
532 2343 620 2406 natali
641 2365 698 2404 non
717 2344 767 2404 diu
783 2343 861 2403 ultra
878 2364 938 2403 sec.
957 2343 1003 2404 tv.
1022 2341 1200 2415 obtinuisse,
1218 2363 1256 2404 ex

49 2431 112 2492 aliis
132 2431 314 2492 documentis
330 2451 422 2513 aeque
440 2432 523 2494 nobis
542 2442 719 2511 compertum
738 2441 798 2506 est,
822 2449 888 2488 nam
906 2428 936 2488 in
961 2427 1089 2488 ecclesia
1105 2427 1256 2488 Constan-

50 2519 238 2600 tinopolitana
261 2517 312 2578 ilio
337 2519 401 2599 ipso
426 2530 571 2600 tempore,
595 2539 652 2600 quo
677 2539 694 2578 a
720 2517 926 2598 chrysostomo
945 2512 1072 2576 antitiste
1089 2514 1256 2590 regebatur,

51 2607 123 2666 diem
141 2605 299 2687 antiquitus
316 2609 499 2668 observatum
510 2627 574 2668 cum
587 2607 633 2668 die
643 2606 776 2668 Romano
792 2612 985 2684 permutatum
1003 2603 1133 2683 adeoque
1150 2601 1257 2664 festum

51 2714 66 2754 a
91 2694 139 2754 die
164 2695 195 2755 O.
219 2694 280 2774 jan.
305 2695 340 2754 ad
365 2693 440 2755 diem
467 2696 519 2756 25.
544 2699 607 2756 dec.
624 2703 778 2756 retractum
795 2691 930 2772 idemque
950 2709 1017 2751 mox
1034 2689 1118 2752 etiam
1134 2685 1258 2771 reliquis

49 2779 171 2862 depypti
191 2799 227 2840 ac
242 2779 370 2842 Orientis
387 2779 524 2842 ecclesiis
540 2782 634 2843 fuisse
651 2781 891 2861 comprobatum,¹
903 2777 969 2860 ipse
985 2774 1213 2860 chrysostomus
1231 2788 1259 2842 et

50 2867 146 2946 plures
162 2867 291 2948 ejusdem
311 2868 373 2929 aevi
392 2869 550 2948 scriptores
569 2865 788 2950 testrvntur***).

127 2955 190 3015 lum
207 2975 275 3015 vero
294 2955 318 3014 si
335 2955 364 3015 in
384 2977 490 3017 causas
516 2968 543 3018 et
565 2955 691 3016 rationes
708 2953 938 3034 investigemus,
959 2972 1034 3032 qnae
1060 2949 1176 3012 efficere
1202 2949 1274 3032 ali·¹

52 3043 345 3121 quando-potuerunt,
362 3052 394 3103 nt
411 3041 518 3104 divorsi
534 3043 598 3105 dies
617 3043 790 3104 celebrando
807 3039 875 3102 huic
892 3037 1145 3118 sestofigerentur,
1162 3035 1259 3100 statim

53 3149 223 3208 quocunque
241 3127 506 3208 oculosvertamus,
521 3129 672 3208 incertam,
685 3129 803 3191 dubiam
822 3137 851 3190 et
866 3127 1022 3190 obscuram
1038 3123 1144 3188 faciem
1163 3124 1261 3188 omnia

51 3216 151 3277 iterum
169 3215 303 3278 induunt.
1255 3225 1258 3236 ·

136 3303 221 3378 Quod
240 3302 355 3382 quidem
372 3299 555 3382 conjiciendo
572 3300 703 3381 proxime
720 3300 768 3384 hic
786 3299 964 3380 apprehendi
982 3309 1096 3380 potest,
1114 3320 1184 3363 vero
1201 3319 1274 3374 nou·

53 3388 257 3452 raldevidetnr
266 3387 409 3464 absimile,
427 3386 621 3450 diversitatem
635 3387 844 3449 scilicetista'm
864 3407 900 3447 err
911 3383 1060 3446 nnlloalio
1076 3387 1157 3459 sonte
1170 3398 1262 3450 ortam

53 3475 164 3552 luisse,
183 3497 269 3558 quam
288 3497 326 3539 ox
344 3475 511 3538 diversitate
529 3473 708 3548 traditionis,
726 3495 801 3554 qnae
824 3473 855 3532 in
872 3471 1002 3535 Orientis
1020 3473 1153 3552 partibus
1170 3473 1262 3534 alium

57 3581 88 3622 ac
107 3563 138 3623 in
161 3563 320 3647 Occidente
336 3561 477 3624 nativit‘ati
496 3562 660 3624 Servatoris
676 3561 751 3622 diem
769 3559 983 3639 assignaverat.
1013 3555 1091 3620 lllud
1116 3570 1193 3622 corte
1209 3579 1264 3623 ae-

57 3649 150 3712 cidere
167 3641 308 3732 potuisse,
324 3672 409 3713 nemo
427 3649 578 3732 dubitavit,
595 3671 689 3732 neque
706 3647 851 3711 accidisse
866 3646 953 3709 valde
970 3645 1124 3728 quisquam
1142 3646 1263 3732 ruirabi-

56 3745 108 3816 tur,
125 3759 191 3800 cum
208 3738 299 3801 mutto
315 3738 412 3819 magis
428 3737 590 3800 mirandum
609 3747 695 3816 esset,
718 3736 742 3799 si
761 3734 942 3798 traditionem
958 3734 989 3796 iu
1005 3733 1061 3796 hac
1079 3753 1169 3799 causa
1184 3755 1264 3798 uun-

59 3893 286 3916 -ιή--ὸ-ιι

121 3994 148 4059 i)
169 3995 244 4048 Gonf.
260 3991 351 4048 Tbom.
374 3994 476 4060 ittigtus
494 3994 563 4048 Diss.
579 3993 624 4046 lli.
648 3994 680 4046 de
695 3997 756 4058 rito,
777 3995 870 4045 tostum
883 3991 1028 4044 nativitatis
1044 3987 1140 4045 Christi
1160 3990 1201 4044 dle
1220 3991 1276 4047 m.

56 4062 110 4114 dec.
132 4065 283 4118 celebrandi
302 4067 408 4132 ejusque
433 4065 598 4131 comunitate.
619 4063 646 4116 lo
667 4064 785 4132 Append.
807 4064 841 4114 nd
866 4062 925 4114 libr.
948 4062 982 4114 de
998 4061 1194 4114 haeresiarchis
1212 4075 1265 4112 soe.

56 4133 168 4269 apostpl.)
181 4148 249 4253 lilith
264 4135 378 4268 'lastigii
395 4199 461 4252 Nan.
480 4199 545 4268 Opp.
565 4199 596 4252 T.
612 4199 632 4252 l.
654 4217 680 4268 p.
699 4199 760 4254 642.
780 4199 835 4260 (od.
854 4197 938 4248 Puris.
959 4194 1051 4261 16³0.)
1071 4195 1189 4250 Cussion.
1209 4195 1268 4250 Col-

56 4266 101 4319 lat.
122 4267 160 4322 X.
181 4285 239 4338 cap.
260 4267 293 4321 ll.
314 4272 361 4322 sub
386 4269 498 4322 initium.
526 4267 686 4337 Epiphanius
705 4269 812 4322 fluores.
832 4266 876 4320 LI.
898 4282 924 4316 n.
943 4265 986 4318 td.
1009 4265 1049 4319 Ci.
1069 4265 1170 4317 Snioeri
1189 4261 1269 4320 Thes.

56 4338 149 4420 eccles.
171 4353 236 4390 voce
258 4337 409 4420 forporem
427 4335 459 4392 T.
479 4337 499 4388 1.
520 4354 545 4405 p.
570 4339 646 4394 1199.
667 4345 694 4389 et
711 4337 783 4390 Frid.
804 4333 997 4388 Blnmenbacbii
1015 4333 1190 4402 Antiquitotes
1207 4332 1269 4400 ltpr-

55 4405 501 4596 ἐὴωέἶᾞωῆὶὲψὲΐνθγειοζῗῦςιὲ.
513 4473 545 4526 Τ.
563 4472 596 4526 ll.
629 4473 711 4527 .354.
731 4477 773 4528 ed.
792 4462 925 4526 benedict.
944 4471 1019 4525 Penii
1037 4471 1150 4524 Emiscu.
1173 4467 1269 4522 licinii.

57 4558 83 4594 m
101 4551 157 4598 aot.
177 4544 258 4597 Cone.
277 4543 373 4613 Epeos.
393 4541 423 4598 P.
443 4542 465 4597 ll
482 4581 488 4596 .
508 4559 532 4596 o.
639 4580 652 4633 ‚⁸
671 4542 703 4596 Τ.
721 4543 767 4597 111.
787 4543 867 4596 Cone.
888 4541 971 4595 Lobb.
989 4551 1049 4608 pes.
1071 4539 1146 4594 1096.

1006 4622 1071 4687 lt*
