2962 4898
661 715 664 720 ,
758 623 821 708 X.

121 1018 130 1039 ,
191 869 1416 1022 Henr.Blumenbachantimdtatesldpiphaniorum*).

279 1137 352 1218 Cap.
381 1136 405 1199 l.
441 1133 495 1196 lle
519 1130 745 1194 nominibus
769 1129 865 1192 lesti
890 1126 1053 1210 graecis
1071 1124 1215 1188 latinis
1240 1125 1415 1187 ceteris.

193 1225 222 1310 ᾗ.
239 1227 268 1288 1.
284 1222 417 1286 Facilius
435 1231 502 1304 puto
520 1221 556 1282 de
573 1219 702 1292 uenuino
719 1217 801 1280 racis
820 1214 1221 1297 Epiphaniajudieainm
1237 1211 1274 1272 iri
1290 1212 1416 1292 siguili-

195 1322 273 1390 catu,
290 1323 442 1393 postquam
457 1327 560 1370 recu·
577 1304 626 1366 ἐπὶ
642 1318 729 1386 atque
746 1303 895 1378 φαίνομαι
911 1303 993 1362 ideas
1018 1313 1118 1362 carate
1136 1319 1265 1382 posuero
1282 1299 1321 1358 ob
1340 1321 1418 1360 orn-

194 1399 253 1461 los.
274 1391 343 1458 Ἐπὶ
359 1397 390 1458 in
409 1394 619 1475 compositione
635 1390 804 1456 adverbium
821 1389 931 1450 referre
945 1388 1064 1469 jndico;
1099 1389 1184 1468 eujus
1201 1386 1266 1466 rice
1281 1387 1417 1466 positura

200 1505 333 1548 asomum
359 1483 445 1544 etium
469 1490 498 1544 et
520 1490 603 1543 extra
627 1478 864 1560 compositionem
896 1479 1012 1556 desuper
1044 1495 1080 1535 ac
1111 1496 1229 1554 superae
1254 1473 1420 1552 significat.

198 1569 353 1635 Consentit
382 1567 556 1650 Apollonius
588 1566 724 1630 Rhodius
755 1567 867 1645 Argon.
893 1561 932 1636 2,
974 1563 1068 1626 1070.
1099 1558 1151 1622 ἐπὶ
1183 1554 1235 1636 δὲ,
1269 1561 1420 1638 scribens,

199 1649 293 1733 λόφω
310 1656 476 1718 ἐσσείοντο.
511 1655 640 1716 Tantam
657 1654 751 1727 abest,
768 1663 799 1714 at
816 1650 1004 1724 auctoritate,
1021 1647 1141 1730 quaein
1159 1647 1204 1708 his
1221 1646 1334 1708 talibus
1349 1649 1419 1728 jure

198 1743 232 1806 lit
244 1742 532 1817 maximidestituar.
554 1740 661 1801 Φαίνω
677 1739 851 1820 interpretor
866 1736 1039 1817 permissive
1057 1746 1086 1796 et
1101 1734 1248 1795 curative:
1263 1755 1420 1814 apparen-

200 1839 258 1894 tem
278 1833 366 1890 reddo
385 1826 429 1890 rel
449 1825 582 1890 ostendo.
614 1827 687 1888 illud
707 1845 780 1888 sane
797 1827 832 1886 de
848 1823 984 1904 pluribus
1003 1821 1115 1894 neutris
1133 1821 1297 1895 dicendum,
1320 1843 1421 1901 quaa-

201 1916 357 1998 doquidem
372 1914 492 1996 passivo
507 1913 708 1976 terminatione
724 1913 871 1976 actionem¹
885 1911 1042 1988 designant
1068 1929 1127 1970 uon
1144 1908 1336 1988 reciprocam.
1374 1911 1420 1970 Ab

201 2003 254 2064 illo
276 1999 434 2076 φαίνομαι,
449 2001 470 2062 ἰ.
489 2022 513 2062 e.
532 2021 678 2082 apparens
692 1999 741 2074 lio,
759 2001 906 2071 ostendor,
924 1997 1009 2058 luceo
1027 2007 1055 2058 et
1072 2015 1219 2077 appareo,
1244 1995 1420 2057 deseendit:

203 2087 254 2170 qui
280 2088 357 2148 idem
383 2086 565 2167 significatus
592 2087 686 2148 activo
703 2085 803 2161 φαίνω
820 2083 1008 2166 saepiuscule
1023 2083 1176 2144 inhaerere
1193 2080 1297 2144 suerit.
1335 2082 1422 2144 Sub-

204 2173 362 2236 stautirum
378 2175 492 2248 φανίαν
509 2183 537 2235 et
552 2171 683 2250 φανείαν
707 2171 820 2234 dixisse
838 2170 946 2234 Graeci
964 2170 1080 2234 minime
1096 2169 1245 2241 ridentur,
1281 2177 1421 2243 φαναῖον

205 2271 301 2324 autem
311 2258 395 2339 Ζῆνα
405 2259 561 2340 Euripides
577 2261 607 2320 in
617 2245 729 2334 Rheso,
738 2266 766 2319 et
775 2264 907 2334 φαναϊον
921 2249 1106 2332 Ἀπόλλωνα,
1117 2276 1241 2348 eumpse
1252 2253 1424 2328 Chieusem,

204 2345 372 2429 Hesychius
388 2354 576 2410 vocaverunt.
593 2341 688 2426 Ἔρως
704 2345 790 2406 etiam
807 2333 918 2420 paule,
935 2365 951 2406 e
970 2343 1043 2404 chao
1060 2343 1184 2422 primurn
1200 2362 1359 2432 apparens,
1378 2343 1425 2403 di-

206 2433 282 2496 citur
297 2433 328 2494 in
346 2433 495 2514 Orphicis.
514 2425 690 2508 ’Ἑπιφαίνω
705 2432 781 2494 idern
800 2442 844 2494 est
861 2452 913 2492 ae:
931 2433 1059 2511 desuper
1075 2432 1208 2506 ostendo,
1224 2431 1303 2490 unde
1320 2431 1424 2510 passi·

205 2541 277 2583 vum
291 2515 493 2597 ἕπιφαίνομαι
509 2522 657 2594 ostendor,
673 2539 821 2600 appare03
851 2520 929 2600 quod
947 2529 975 2580 et
992 2520 1027 2580 de
1044 2525 1147 2578 neutro
1159 2565 1172 2596 ,Ι
1186 2516 1314 2578 medium
1332 2538 1425 2578 vuca-

208 2625 318 2679 eamus,
334 2615 366 2666 ut
383 2605 413 2664 in
430 2605 564 2684 simplici,
582 2607 622 2666 ita
638 2605 667 2665 in
684 2607 740 2666 hoc
755 2606 917 2685 coraposito
933 2601 1219 2684 estintelligeudum.
1244 2603 1328 2665 Loca
1345 2603 1427 2664 infra

208 2693 439 2752 adnotabuntur.
450 2726 489 2736 —
500 2691 528 2774 §.
539 2691 569 2752 2.
582 2687 762 2764 Ἐπιφανεῖς
779 2695 959 2754 vocabantur
974 2691 1117 2768 homines,
1136 2711 1246 2772 genere
1263 2709 1298 2752 ac
1317 2685 1426 2753 rirt'ate

209 2774 380 2856 conspicui,
402 2775 515 2839 nobiles
531 2788 617 2857 etque
640 2774 782 2840 illustres.
816 2779 920 2858 Syriae
938 2779 1076 2859 regibus,
1098 2776 1325 2840 successoribus
1352 2779 1426 2840 Ale-

209 2862 314 2928 xandri
332 2862 376 2926 M.
394 2883 451 2924 non
462 2861 535 2942 ⁴uuis
550 2862 607 2923 hoc
623 2863 768 2926 familiare
784 2863 878 2927 luisse
896 2873 1051 2945 agnomen,
1069 2885 1180 2946 pancos
1198 2863 1285 2944 fugit,
1303 2865 1356 2944 qui
1376 2886 1427 2926 re-

119 2997 124 3004 .
211 2959 306 3015 terum
320 2959 475 3014 versarent
492 2959 686 3012 monumenta.
720 2952 868 3014 'lacernas
884 2951 1067 3029 Parthorum,
1084 2953 1252 3028 Persarum,
1270 2951 1427 3012 Armenio·

211 3061 294 3116 rum,
336 3036 538 3119 Bithynioruru
564 3029 710 3118 principes
730 3037 914 3102 ,nonnullos
949 3034 1212 3117 Ἐπιφανέστατοι
1246 3039 1429 3100 vocabantur

211 3125 377 3206 principes,
403 3124 454 3203 qai
478 3124 620 3188 Romanis
638 3125 796 3188 audiebant
812 3126 988 3190 nobilissimi
997 3124 1069 3212 **).4
1084 3127 1196 3188 ductor
1223 3125 1309 3185 nobis
1336 3125 1428 3209 hujus

236 3385 238 3390 .
283 3343 313 3412 *)
335 3343 412 3410 l’rod.
438 3344 511 3414 Lips.
537 3349 614 3401 1737.
640 3346 666 3401 4.
693 3347 843 3418 (Praeviam
872 3351 903 3402 de
930 3347 1044 3402 lontibus
1068 3348 1253 3415 antiquitatum
1281 3345 1427 3401 Christian.

215 3414 422 3468 dissertationem
442 3417 598 3479 omisimus.)
916 3469 920 3474 ,

284 3483 330 3550 **)
357 3481 473 3550 Optimus
493 3483 641 3551 Traianus,
669 3487 751 3537 seculi
777 3488 844 3553 quod
863 3486 996 3550 Augustus
1016 3487 1166 3554 auspicatus
1185 3493 1226 3536 est
1244 3487 1365 3553 princeps
1387 3501 1431 3536 no-

216 3551 355 3616 vissimus,
386 3553 481 3604 dicitur
500 3553 673 3604 nobilissimus
694 3555 720 3604 iu
742 3555 880 3622 epigraphe
899 3555 1001 3621 lepidis,
1023 3571 1096 3622 quem
1118 3571 1143 3620 p.
1163 3555 1224 3608 246.
1248 3571 1274 3608 a.
1291 3557 1318 3608 3.
1338 3555 1430 3605 inscri-

216 3621 331 3688 ptionum
352 3621 393 3671 ed.
416 3619 577 3672 Graevienae
596 3622 714 3674 exhibuit
730 3623 810 3674 Jauus
829 3623 964 3674 Gruterus.
1003 3623 1036 3673 Et
1053 3623 1227 3686 Commodus,
1247 3629 1301 3673 tum
1321 3622 1428 3684 Caesar,

217 3690 334 3754 pontifex
353 3689 526 3740 nobilissimas
545 3689 629 3740 dietus
644 3691 670 3740 ia
689 3705 816 3741 marmore
835 3707 860 3757 p.
877 3694 937 3743 260.
953 3707 979 3740 u.
997 3693 1023 3745 6.
1044 3690 1193 3743 Gruteriani
1212 3691 1329 3742 thesauri
1352 3691 1428 3741 olden-

218 3755 297 3817 ditnr‚
319 3757 393 3821 cujas
414 3759 492 3810 ctiam
510 3772 612 3821 aumas,
631 3759 792 3808 nobilitatem
811 3759 919 3822 Augusti
940 3760 1002 3825 p'rae
1023 3775 1051 3810 se
1070 3760 1165 3822 terens,
1184 3761 1325 3826 reperitur.
1353 3759 1430 3810 Deui-

218 3838 267 3890 que
285 3822 419 3876 Maximini
434 3841 532 3893 qaoque
544 3825 620 3889 iilius,
642 3823 767 3877 &Julius
786 3825 869 3878 Verus
889 3824 1027 3893 Maximus,
1046 3826 1227 3880 Nobilissimus
1250 3827 1431 3878 CaesarPrin·

218 3905 279 3956 oeps
299 3892 444 3956 juventutis
468 3894 635 3960 inscriptione
660 3893 766 3959 antiqua
785 3895 923 3946 salutatur.
959 3893 1048 3962 Neque
1067 3903 1152 3946 tornea
1181 3903 1241 3946 ante
1259 3895 1372 3964 Philippi
1391 3897 1430 3961 ju·

219 3959 300 4009 nieme
320 3973 411 4010 aevum
430 3963 455 4011 in
474 3977 522 4012 usu
541 3961 703 4014 inisse'illud
722 3962 943 4028 deprehendimus,
964 3965 1030 4030 quod
1049 3964 1209 4032 postmodum
1230 3965 1343 4015 invaluit
1361 3965 1430 4015 etin

180 4047 185 4056 ·
219 4027 390 4078 monumentis
408 4027 579 4081 Romanarum
604 4045 689 4080 reram
716 4031 819 4082 videtur
842 4031 1016 4098 frequentius,
1045 4039 1088 4096 nt,
1116 4032 1158 4098 qui
1178 4047 1316 4083 successor
1333 4033 1430 4084 dandus

184 4139 194 4150 ,
221 4093 289 4146 foret
305 4095 435 4158 regundae
456 4095 626 4148 Rornanorum
647 4099 699 4160 rei,
720 4099 790 4150 ultra
815 4101 937 4168 principis
952 4101 1098 4165 juventutis
1118 4115 1209 4150 nomen
1236 4101 1369 4168 epitheton
1390 4116 1431 4150 ao·

220 4161 340 4214 bilissimi
358 4163 502 4229 adoptaret.
540 4166 621 4231 Quum
640 4167 760 4232 deinceps
779 4184 862 4220 mores
881 4169 1062 4236 imperatorum
1081 4170 1157 4233 novi,
1180 4185 1237 4220 eum
1256 4169 1341 4219 sacris
1361 4169 1431 4220 Chri·

222 4231 363 4282 stiaaorum
383 4231 454 4281 novis
473 4231 539 4283 illati
557 4235 681 4301 imperio,
711 4235 861 4300 efficerent,
888 4244 917 4286 ut
943 4241 1008 4301 vago
1028 4238 1167 4288 concubitu
1190 4238 1308 4302 neglecto
1330 4235 1430 4301 conjugi

222 4299 315 4351 unicae
327 4299 411 4364 maior
428 4299 534 4350 daretur
552 4317 640 4368 opera,
663 4304 804 4370 principum
820 4305 964 4370 juventutis
983 4313 1060 4372 atque
1078 4305 1219 4358 Caesarum
1238 4321 1361 4358 numerus
1378 4319 1430 4354 ere·

222 4369 331 4434 scebat3
366 4381 472 4435 quornm
497 4373 527 4419 ut
544 4370 611 4420 ratio
631 4370 754 4424 distincta
771 4373 912 4426 haberetur
931 4374 1104 4440 singulorum,
1136 4375 1220 4441 major
1240 4381 1304 4427 natu
1325 4374 1430 4436 Caesar,
