2982 4892
229 236 295 348 306
439 249 443 256 ‚
699 277 727 342 i.
742 271 794 342 W.
808 263 996 368 ’Βιιίιςιι

317 433 362 516 ita
378 469 494 533 quoqne
510 447 620 530 Ephesi
637 447 769 514 diversas
785 448 881 513 inisse
897 417 1136 528 aedessenum
1153 443 1266 508 coirent
1281 442 1446 511 Christiani

231 545 268 606 ad
284 539 434 603 'sollennes
452 557 554 619 preces
571 520 732 616 iaciendas,
750 536 875 600 indicari
890 494 1005 605 videtui
1023 533 1039 597 Ι
1050 533 1130 600 'Pina
1137 529 1170 612 2,
1180 535 1199 595 8
1217 531 1268 596 nbi
1284 529 1447 618 Apostolus

100 697 108 712 v
231 647 354 694 monens
371 626 483 709 precari
502 637 635 708 oportere
656 625 735 688 viros
749 623 791 686 Aa
798 615 1080 704 amministrasse
1096 625 1132 685 de
1148 621 1288 704 precibus
1303 620 1447 686 universe

231 729 261 782 et
277 735 452 799 quocunque
474 713 504 774 in
521 714 585 774 ioco
602 711 779 792 tondendis,
813 715 864 775 sed
888 711 956 774 de
946 711 985 773 ris
1001 711 1199 774 tantammodo
1215 708 1280 792 agit
1292 709 1446 814 precibus,

231 805 338 888 quibus
356 801 468 866 liene
460 821 490 862 ιιι
513 800 704 863 conventibus
730 761 858 884 publicis
884 800 949 884 ejus
975 797 1090 862 colendi
1117 817 1209 887 causa
1231 793 1372 876 institutis
1395 797 1446 860 iu-

231 891 330 959 vocari
347 897 548 952 consueverat.
562 891 590 968 *)

317 977 349 1040 ln
374 975 465 1058 priori
498 977 536 1038 ad
555 971 724 1038 Corinthios
746 972 889 1056 epistola,
924 992 1011 1056 qnam
1030 963 1146 1035 Paulus
1169 969 1281 1054 Ephesi
1312 971 1446 1054 scripsit,

231 1087 258 1132 c.
275 1063 326 1144 16,
345 1065 394 1142 19,
412 1065 472 1142 20,
489 1063 598 1125 diserte
615 1061 898 1142 distinguitcoetum
916 1057 1168 1140 Christianarum,
1200 1059 1248 1142 qni
1272 1059 1302 1126 in
1318 1059 1443 1124 aedibus

230 1113 368 1236 Aquiliae
390 1161 419 1214 et
434 1147 590 1214 Priscillae
608 1160 768 1213 conventus
784 1168 856 1212 suos
883 1142 993 1214 habere
1009 1144 1141 1226 sciebat,
1174 1166 1193 1209 a
1217 1137 1357 1230 reliquis,
1394 1145 1443 1230 qni

229 1238 359 1304 eadem
350 1259 382 1301 ιι
396 1239 469 1300 nrbe
487 1245 587 1319 erant,
604 1235 792 1300 Christianis.
837 1237 903 1299 linc
919 1234 1024 1297 referri
1040 1235 1127 1298 etiam
1144 1241 1249 1316 potest,
1266 1237 1344 1317 quod
1361 1235 1443 1298 Pau-

172 1357 174 1364 s
227 1325 303 1394 ins
294 1350 326 1389 ιι
344 1326 476 1388 oratioue
499 1327 535 1388 ad
553 1324 697 1388 ecciesiae
714 1322 881 1406 Ephesinae
898 1321 1043 1402 antistites
1062 1327 1124 1388 Act.
1140 1319 1296 1400 2ildixit,
1305 1341 1358 1402 sc,
1376 1325 1443 1385 dum

229 1416 351 1480 inorbo
374 1412 624 1490 illacersaretnr‚
658 1413 819 1474 doctrinam
844 1409 1031 1474 christianam
1054 1407 1212 1476 tradidisse
1242 1403 1307 1472 κατ’
1327 1407 1444 1482 οἴκοις.

227 1503 372 1568 Videatur
386 1499 472 1564 etiam
489 1497 556 1564 Coi.
572 1497 672 1578 6,15,
689 1499 740 1562 nbi
756 1509 933 1563 memoratur
948 1507 1065 1576 coetus,
1089 1496 1139 1580 qni
1161 1495 1192 1560 iu
1209 1494 1332 1560 aedibus
1349 1497 1444 1582 Nym·

164 1606 168 1615 ’
229 1589 307 1676 phac
324 1607 499 1670 congregata
490 1585 642 1666 solebat,
659 1595 688 1650 ιι
707 1587 745 1649 ad
760 1585 884 1651 Philem.
901 1589 932 1652 2.

314 1675 450 1758 Neque'
442 1697 472 1737 ιι
489 1675 613 1740 aedibus
631 1682 740 1736 tantum
761 1673 903 1756 ejusmodi
925 1665 1041 1750 sacris,
1070 1649 1122 1735 sed
1145 1669 1217 1736 aiibi
1233 1692 1349 1754 quoqne
1366 1693 1444 1734 nou-

229 1784 380 1844 nnnqnam
397 1761 555 1826 Christiani
573 1764 610 1824 ad
627 1781 730 1844 preces
746 1770 955 1826 convenerunt.
997 1761 1042 1824 lta
1056 1759 1168 1824 Pacius
1175 1770 1267 1840 ‚post
1282 1757 1443 1842 orationem

228 1843 450 1916 valedictoriam
466 1849 563 1912 Mileti
581 1851 617 1911 ad
635 1848 781 1911 ecciesiae
798 1847 966 1930 Ephesiuae
982 1837 1169 1930 presbyteros
1184 1845 1311 1916 habitam
1321 1869 1444 1930 ,genn-

230 1941 286 2004 bus
302 1939 387 2000 flexis
404 1958 469 2000 cum
494 1935 556 1998 iliis
581 1935 716 1998 omnibus
738 1944 878 2018 precatus
901 1956 969 2001 esse
992 1935 1102 2016 iegitur
1117 1935 1181 2000 Act.
1196 1931 1250 2012 20,
1267 1935 1320 2000 36.
1365 1935 1444 1998 idem

228 2025 407 2105 Apostolus,
439 2045 488 2104 qur
481 2023 630 2100 'Mileto,
655 2020 890 2106 Hierosolymam
908 2025 1047 2099 tendens,
1077 2019 1181 2104 Tyri,
1196 2017 1247 2084 aba
1261 2043 1316 2104 per
1330 2031 1443 2104 septem

229 2111 293 2173 dies
310 2109 479 2172 commorari
497 2112 655 2188 debuerat,
686 2107 802 2191 integro
818 2069 1052 2172 Christianorum
1068 2108 1150 2172 hac
1140 2129 1171 2170 ιι
1178 2087 1259 2198 urbe
1276 2110 1445 2192 degentium

229 2199 347 2277 coetui,
373 2207 527 2280 antequam
544 2193 648 2260 narem
665 2199 893 2276 conscenderet,
927 2195 1107 2263 valedixisse
1131 2205 1158 2260 et
1182 2217 1244 2258 nna
1266 2217 1332 2260 cnm
1352 2197 1390 2260 iis
1407 2199 1444 2260 ad

226 2285 321 2368 ripam
338 2285 532 2368 procubuisse
547 2295 635 2366 atque
651 2305 754 2365 preces
776 2283 891 2352 indisso
905 2281 1017 2366 legitur
1030 2287 1094 2350 Act.
1111 2283 1163 2362 21,
1180 2283 1210 2345 5.
1296 2335 1300 2342 ,

315 2372 459 2454 Exempla
475 2372 550 2436 haec
567 2394 604 2434 ex
621 2369 828 2453 Apostolorum
846 2371 929 2435 Actis
944 2371 1035 2436 allata
1050 2369 1200 2448 docent,
1190 2391 1222 2432 nn
1239 2369 1404 2436 casibus
1378 2391 1443 2433 sru-

228 2460 401 2542 gniaribns,
419 2458 523 2543 quales
538 2459 588 2522 hic
605 2459 818 2540 memorantur,
835 2481 894 2522 non
911 2480 976 2524 eam
989 2459 1122 2522 locorum
1144 2457 1285 2530 rationem
1303 2479 1371 2524 esse
1386 2458 1444 2522 ha·

227 2549 371 2627 bendam,
395 2557 426 2609 ut
440 2548 470 2609 iu
485 2547 523 2610 iis
540 2553 649 2610 tautum
666 2547 807 2624 aedibus,
833 2567 906 2629 quas
923 2547 1020 2610 caitus
1037 2541 1126 2610 divini
1144 2545 1236 2610 cansa
1236 2546 1442 2648 'frequentare

227 2633 365 2697 solebant
387 2633 547 2697 Christiani
550 2656 677 2716 ,preces
694 2637 731 2698 ad
749 2595 842 2697 chm
863 2635 1072 2714 funderentur,
1096 2633 1149 2698 sed
1167 2633 1245 2714 omui
1260 2631 1290 2696 in
1308 2633 1374 2698 loce
1392 2656 1444 2698 eas

226 2721 292 2784 lieo
311 2729 413 2801 gratas
435 2733 630 2804 acceptasque
656 2742 742 2800 csse,
774 2725 927 2785 dummodo
946 2741 982 2787 ex
999 2721 1095 2784 auimo
1113 2723 1206 2804 probo
1229 2741 1265 2784 ac
1281 2721 1330 2804 pic
1349 2723 1443 2804 'proli-

228 2806 947 2872 siccantur,

315 2895 361 2958 Iie
377 2898 559 2977 temporibus,
595 2895 703 2978 quibus
720 2896 926 2978 Apostolorum
947 2901 1042 2959 aetate
1067 2897 1104 2958 ad
1122 2917 1224 2976 preces
1242 2891 1445 2962 convenerunt

227 2979 406 3062 Christiani,
439 2993 659 3064 paucatautnm
677 2987 899 3048 suntnotanda.
942 2980 1057 3048 Diebus
1073 2981 1135 3044 1111ι
1154 2993 1182 3046 ιι
1197 2981 1295 3062 horis,
1330 2985 1442 3066 quihus

225 3074 263 3134 ad
289 3093 393 3151 preces
414 3069 600 3132 iaciendas
591 3091 621 3130 ιι
645 3067 785 3150 tempium
806 3075 866 3132 et'
857 3093 889 3133 ra
920 3092 1091 3154 synagogas
1116 3069 1303 3134 confluebant
1324 3071 1443 3152 iudaei,

135 3153 139 3161 ⁴
223 3156 360 3237 Apostoli
375 3177 490 3238 quoqne
509 3159 597 3218 aedes
613 3156 680 3220 illas
696 3157 841 3221 adierant.
883 3157 1101 3223 Feceruatboc
1116 3158 1221 3223 diebus
1238 3159 1365 3225 sabbati.
1400 3123 1444 3228 itai

223 3243 336 3306 Paulus
353 3254 382 3304 et
397 3243 549 3306 Barnabas
558 3243 749 3306 Astrochsae
740 3264 771 3305 ιι
785 3243 898 3308 Pisidia
914 3267 1097 3328 synagogam
1115 3245 1162 3308 die
1177 3245 1319 3309 sabbati
1310 3249 1442 3352 {agressi

90 3328 94 3335 ’
225 3342 304 3407 snut,
321 3339 354 3391 nt
371 3328 448 3410 legis
464 3339 492 3392 et
507 3331 712 3413 prophetarum
728 3331 862 3409 lectioni,
881 3335 1012 3418 adeoque
1031 3344 1059 3396 et
1074 3351 1192 3416 precum
1208 3334 1403 3397 recitationi
1393 3359 1442 3398 rn-

225 3419 450 3480 teresseatAct.
468 3414 519 3497 13,
547 3421 595 3496 ιι,
619 3422 668 3482 15.
714 3418 994 3524 Sequentisabbato
1018 3423 1338 3504 eandemsynagogam
1358 3423 1443 3488 adie-

223 3505 413 3583 rnutiidem‚
431 3467 556 3568 doccbdi
574 3517 671 3572 tanuen
688 3509 794 3588 magis,
811 3529 896 3590 quam
914 3508 1054 3570 adorandi
1073 3528 1164 3572 cause
1179 3509 1244 3572 Aet.
1261 3507 1318 3588 13,
1343 3515 1384 3573 11
1401 3533 1442 3575 ss.

223 3592 402 3697 Philippis
392 3613 425 3654 ιι
442 3593 621 3658 Macedonia
645 3618 697 3677 per
719 3594 833 3681 aliquot
855 3595 918 3658 dies
942 3606 1154 3660 commorantes
1176 3593 1291 3658 Paulus
1315 3605 1346 3660 ιι
1368 3599 1441 3662 socii

223 3681 354 3758 itineris,
383 3679 430 3742 die
447 3681 562 3743 sabbati
584 3685 657 3746 urbe
681 3683 795 3764 egressi
818 3683 854 3744 ad
871 3683 989 3748 fluvium
1008 3703 1041 3748 se
1058 3683 1259 3762 contulerant,
1284 3685 1337 3748 nbi
1355 3685 1441 3752 iocns

224 3781 288 3831 erat
304 3768 476 3830 solennibus
496 3768 641 3852 precibus
653 3770 767 3836 dicatus
786 3772 847 3832 Act.
869 3768 921 3848 16,
939 3773 987 3832 13.
1048 3793 1050 3797 ’

311 3855 432 3916 Primo'
424 3876 546 3937 rnsnper
560 3857 750 3921 hebdomadis
767 3857 813 3920 die
830 3877 916 3919 sacra
932 3871 987 3921 sua
1006 3857 1155 3921 iaciebant
1169 3857 1301 3941 Apostoli
1318 3881 1440 3925 ιιιιιι-

224 3959 281 4022 que
299 3939 448 4022 discipuli.
492 3943 559 4006 Nan
581 3945 716 4008 mnium
706 3967 738 4008 ιι
754 3945 831 4010 festo
849 3955 1044 4026 pentecostes,
1042 3939 1140 4028 qnod
1156 3943 1267 4010 decimo
1283 3960 1353 4030 post
1369 3951 1441 4014 Jesn

224 4047 263 4091 cx
279 4027 325 4090 bis
343 4028 428 4091 terris
447 4030 555 4092 abitum
573 4039 602 4095 et
618 4036 712 4114 primo
727 4031 918 4096 hebdomadis
935 4033 982 4096 die
999 4032 1219 4114 celebrabatur,
1250 4034 1281 4096 in
1299 4037 1439 4120 templum

139 4143 141 4150 s
223 4133 292 4178 sese
309 4116 496 4179 contulerunt
512 4118 577 4184 Act.
593 4117 632 4198 2,
654 4125 689 4198 1,
705 4123 758 4184 sed
774 4130 803 4183 et
817 4131 922 4202 postea
939 4119 986 4184 die
1003 4119 1074 4202 illo,
1110 4141 1196 4204 quem
1220 4121 1257 4184 in
1268 4125 1440 4190 memoriam

224 4403 696 4548 177οι))Ρ11ιιὲ4311“ι11ιοιιιιιιιι1
725 4409 820 4476 oreta.
840 4411 935 4478 philol.
961 4420 1041 4482 capse
1065 4413 1157 4472 Amor.
1184 4422 1290 4482 argare
1321 4415 1443 4486 (coburg
