2982 4892
110 287 127 302 ι
186 247 253 314 aaa
666 201 922 344 canan„
990 293 996 304 .

158 437 161 448 ’
273 419 361 504 dped
377 426 493 486 retem
505 421 659 486 nemaeo
681 439 741 486 noa
758 428 841 484 erant
865 429 943 484 etate
965 419 1144 503 iegibnnqne
1163 415 1274 481 diriaie
1288 417 1407 482 aancitn

187 529 306 593 precere
331 523 472 591 tempera.
496 543 540 557 --
565 509 693 572 iiaeidee
722 507 838 590 quidem
873 529 917 592 pe.
941 505 1001 586 ³5,
1037 511 1088 570 td.
1128 525 1231 589 pree-ee
1263 515 1407 568 memoret

187 605 362 678 wopandans
382 607 409 659 et
423 605 578 662 matutinae
601 607 630 659 et
646 601 833 674 numidicum,
850 599 903 659 neti
919 617 977 658 uun
993 595 1199 676 intediguntur
1214 593 1355 676 publicae
1367 615 1406 656 ac

188 696 282 747 etatae
307 703 411 766 preces
437 687 524 750 certia
549 684 630 746 borio
655 687 692 747 ab
718 685 854 746 universe
878 684 1121 766 peputoqeragi·
1142 683 1256 746 notitae.
1288 681 1407 745 iudicat

5 819 10 844 .
113 783 118 795 “
187 771 218 834 Ιι.
235 771 411 836 l.'1iaridea
434 790 469 835 ne
485 793 538 854 pro
563 771 714 847 maximio,
741 771 772 833 in
789 772 897 854 quibua
915 775 1103 851 vacuabatur,
1121 770 1286 853 augustiis,
1317 791 1404 874 epena

188 858 315 923 diuinam
331 859 488 942 impiorare
504 860 571 923 aiae
587 859 812 923 intermieoiene.

275 945 384 1009 Postea
416 964 485 1012 rere
515 947 620 1012 iudaei
648 948 813 1030 exemptum
844 944 996 1022 Danielis,
1028 945 1079 1028 qai
1107 943 1161 1028 (6,
1188 949 1245 1024 tt,
1273 943 1334 1022 te)
1359 953 1406 1008 ter

189 1032 317 1117 quotide
332 1033 426 1096 [teum
447 1038 589 1098 adurente
606 1035 732 1116 iegitur,
758 1033 870 1109 accub,
895 1031 1024 1116 cingulis
1039 1034 1144 1098 diebus
1162 1036 1200 1096 ad
1217 1032 1404 1116 pnratioueo

157 1157 161 1168 .
189 1121 324 1202 pabiioee
333 1133 420 1204 etque
432 1121 592 1200 sollennes,
606 1142 682 1204 quaa
693 1133 853 1204 praeeunte
865 1121 1185 1204 synagogae'miointan
1195 1121 1404 1198 tundebantur,

188 1221 386 1274 convenerunt
409 1211 488 1273 borio
513 1214 550 1273 ab
574 1222 641 1272 cau
665 1211 738 1272 eoiio
763 1210 863 1286 tertia,
879 1221 965 1272 nexta
989 1222 1016 1272 et
1033 1231 1126 1288 nona,
1160 1209 1404 1272 eireeecundum

187 1299 318 1358 noeti-am
332 1296 393 1359 diei
414 1297 602 1376 divisionem,
629 1299 701 1360 bora
717 1309 790 1362 aute
801 1297 950 1360 meridiem
966 1317 1061 1372 aena,
1093 1296 1254 1359 meridiana
1272 1309 1301 1360 et
1317 1298 1405 1359 tertia

187 1383 397 1468 pomeridiana.
414 1419 456 1433 -
483 1385 559 1448 ilinc
586 1387 625 1448 ab
640 1385 678 1447 iia
698 1385 953 1467 distinguebantur
968 1401 1074 1450 nannet
1092 1401 1160 1474 terren¹
1178 1401 1296 1447 nonnam
1320 1379 1404 1450 raian

186 1471 372 1554 perceptiones
389 1481 536 1547 matertere,
552 1477 744 1554 pomeridiano
766 1481 795 1535 ct
815 1469 989 1554 adamatica,
1011 1471 1098 1554 eujus
1114 1471 1238 1533 instituti
1256 1470 1403 1550 originem

187 1559 290 1622 iudaei
309 1561 485 1624 recentiores
503 1560 893 1646 epatriarebiedbrabamu,
910 1563 1013 1624 lonace
1031 1571 1059 1622 ct
1074 1560 1184 1622 Jacubn
1199 1558 1297 1641 inepte
1315 1579 1404 1641 repe-

188 1645 295 1708 tierunt
311 1647 349 1725 *).
1044 1689 1047 1700 ·

222 1743 229 1766 t
275 1733 414 1798 Sabbatio
430 1743 535 1812 autem,
551 1735 718 1799 aoeiiumiie
735 1748 764 1799 et
780 1735 865 1798 ientio
890 1737 925 1798 ad
943 1755 1046 1816 preren
1062 1742 1166 1816 quater
1190 1733 1405 1796 conveniebant

187 1821 308 1899 heret,
325 1822 419 1884 tribuo
436 1822 614 1903 quotidianis
634 1827 774 1888 addentes
791 1822 987 1886 adorationem
1006 1822 1160 1885 sacrifieiis
1173 1823 1313 1904 junctam.
1338 1823 1404 1886 Ex-

189 1909 328 1990 piatieeie
344 1931 412 1972 nero
437 1911 484 1972 die
508 1913 688 1974 accedebant
703 1934 797 1993 prenae
813 1914 853 1974 ud
866 1914 1010 1974 vincentne
1025 1915 1118 1993 tempii
1133 1922 1239 1992 pomae,
1250 1905 1337 1994 quae
1354 1911 1405 1973 id-

188 1991 367 2061 deceatne
390 1996 454 2059 aive
468 1999 653 2062 maeoticam
667 1999 856 2080 appellebant
874 1997 929 2077 ”t
1266 2013 1273 2022 ‘

111 2077 118 2088 '
276 2079 305 2163 §.
322 2083 424 2145 3.‘De
444 2103 618 2165 precum,
636 2087 786 2166 quibus
808 2086 927 2148 Deum
950 2084 1114 2166 publice
1137 2083 1405 2148 adierantJu-

188 2167 295 2246 daei,
313 2189 503 2249 argu-mea
515 2183 561 2236 tu.
579 2205 620 2218 -
635 2172 794 2254 Reiiquum
811 2182 865 2250 cot,
882 2183 915 2234 ut
930 2173 1033 2254 paucio
1043 2177 1159 2252 'agatur
1171 2177 1205 2235 de
1221 2195 1331 2254 precator
1347 2195 1403 2255 pu·

187 2259 323 2320 bdeueuea
344 2269 508 2336 ammento
523 2265 664 2342 uceibqae
684 2264 803 2343 ritibm
827 2260 876 2344 qtai
894 2263 973 2343 apud
988 2262 1115 2326 Judaeee
1132 2263 1228 2326 Deam
1244 2263 1403 2326 adorantes

187 2341 403 2408 inuenerant.
763 2371 766 2382 ·
1170 2367 1173 2374 ·

275 2433 363 2512 Quod
388 2431 491 2496 attinet
514 2435 550 2497 ad
576 2455 695 2518 precum
720 2435 903 2518 publicarum
920 2447 1124 2517 uepumcatnm,
1141 2446 1254 2500 veteres
1271 2437 1403 2502 Hebraei

189 2527 285 2582 certae
302 2541 420 2600 precum
436 2520 578 2586 formulae
594 2523 787 2603 ignorabant,
817 2527 869 2588 aad
888 2546 939 2608 pru
957 2526 1054 2605 vario,
1078 2523 1108 2586 iu
1125 2545 1182 2607 quo
1199 2527 1403 2603 versabantur,

187 2623 284 2670 rerum
303 2615 391 2686 statu,
409 2609 475 2672 Deo
494 2609 541 2672 rei
563 2609 674 2685 gratiae
691 2614 820 2690 agebant
841 2633 893 2694 pre
911 2612 1041 2695 acceptio
1065 2615 1102 2676 ab
1127 2634 1161 2676 ee
1187 2612 1337 2676 beneficiio
1355 2615 1404 2677 vel

160 2749 162 2754 .
188 2705 373 2774 peccaturum
390 2695 504 2756 reniam
522 2698 667 2778 petebant,
684 2698 729 2759 vei
747 2720 830 2780 opem
843 2699 970 2764 divinam
984 2700 1180 2782 implorabant
1195 2701 1239 2762 rei
1258 2701 1332 2764 aiiao
1348 2721 1403 2764 ue·

187 2781 344 2844 eeooitatee
361 2781 390 2841 in
404 2781 541 2862 precibus
552 2789 827 2850 commemorabant.
845 2787 975 2868 Apparet
990 2789 1046 2850 hcc
1062 2809 1098 2850 ex
1115 2787 1151 2851 V.
1169 2789 1207 2851 Τ.
1224 2787 1403 2871 luciooupra

186 2863 295 2932 ailatie.
338 2866 442 2950 Neque
462 2879 571 2934 tantum
597 2893 649 2954 pru
672 2894 705 2936 ee
720 2877 870 2956 rebusque
887 2875 951 2938 suia
966 2875 1062 2938 Beum
1079 2878 1210 2952 orabant,
1233 2879 1285 2940 sed
1304 2887 1331 2940 et
1349 2901 1429 2959 pec*

186 2954 255 3018 aliie
271 2958 350 3037 apud
363 2957 459 3020 Deum
477 2959 614 3040 poenibus
629 2960 860 3026 intercedebant.
891 2964 934 3025 ita
948 2963 1053 3026 Judaui
1069 2963 1145 3025 inter
1155 2973 1259 3044 gentes
1274 2965 1403 3047 dispersi

186 3061 239 3124 pre
263 3045 401 3122 regibus,
426 3044 457 3105 iu
482 3065 603 3126 querum
621 3047 759 3110 ditionem
775 3060 929 3126 venerant,
950 3061 978 3113 et
994 3073 1047 3134 pre
1062 3052 1134 3113 flore
1149 3071 1316 3130 regnarem,
1332 3050 1403 3136 qui-

185 3131 309 3196 buscum
335 3131 439 3192 devicti
456 3129 486 3192 iu
510 3153 597 3196 unam
621 3135 830 3215 rempublicam
848 3136 1036 3216 ceaiueraut,
1054 3131 1162 3219 prec'ati
1179 3139 1273 3202 seinse
1290 3139 1402 3221 legna-

186 3225 243 3280 tur.
287 3216 449 3296 Populares
465 3239 565 3286 eccam
591 3221 623 3282 in
647 3221 768 3286 exitium
790 3225 932 3291 abductus
955 3226 1067 3294 uteuuit
1081 3226 1221 3291 ieremias
1236 3225 1296 3306 29,
1315 3231 1351 3306 7,
1369 3239 1404 3292 ut

184 3300 279 3377 urbis,
296 3303 382 3384 cujus
395 3304 465 3386 iam,
480 3305 522 3369 itu
538 3305 655 3371 retento
671 3310 744 3390 Dee,
762 3310 880 3374 incolae
891 3313 966 3382 facti
989 3311 1128 3391 ieiunant,
1144 3311 1234 3376 eaiuti
1250 3317 1404 3379 studerent
1437 3345 1442 3358 ·

185 3387 390 3470 quovismodo
409 3392 603 3477 precibusque
621 3418 672 3478 pru
690 3417 726 3460 ea
741 3403 818 3482 apud
834 3402 972 3463 deboram
994 3401 1217 3480 intercederent,
1234 3423 1299 3465 cuer
1315 3401 1401 3466 iilius
1485 3411 1486 3414 ’

184 3475 267 3542 eatae
279 3499 347 3542 cum
363 3479 493 3560 ipserum
505 3483 601 3546 salute
616 3493 695 3550 arete
708 3488 865 3568 conjuncta
878 3499 965 3552 esset
994 3487 1037 3550 lta
1049 3509 1164 3571 quoque
1177 3489 1304 3552 Dariu
1314 3512 1329 3554 s
1340 3492 1402 3570 **’)

183 3561 295 3645 legitur
307 3565 447 3648 junsiaco,
463 3579 497 3632 ut
510 3571 615 3635 iudaei
629 3561 673 3653 μὴ
690 3569 871 3638 aeternam
888 3579 1143 3656 (quemadmodum
1159 3588 1227 3639 anm
1242 3578 1402 3655 fecissent)

183 3647 260 3714 καθ’
278 3649 397 3738 ἡμέραν
421 3646 576 3736 θύοντες,
601 3657 654 3720 aui
670 3655 750 3742 ὑπὲρ
766 3660 843 3738 ἐμοῦ
858 3660 910 3723 καὶ
928 3661 1059 3744 Περσῶν
1075 3655 1237 3745 εὐχόμενοι
1253 3664 1299 3746 τῷ
1317 3664 1402 3746 θεῷ.

184 3739 265 3804 idem
283 3761 337 3806 rex
355 3763 406 3826 pru
426 3761 459 3808 ae
475 3755 504 3810 et
518 3745 630 3810 senilia
649 3767 705 3811 sua
725 3767 828 3831 preces
852 3752 889 3812 ad
904 3751 1000 3814 Deum
1022 3751 1189 3816 fundendas
1207 3773 1273 3818 enee
1289 3755 1404 3818 monuit

191 3919 424 3938 Μ.-

254 4027 282 4093 *)
302 4027 379 4112 yidd.
398 4029 564 4100 Vitrinsu
583 4033 601 4086 l.
622 4035 640 4091 Ι.
662 4051 687 4102 p.
703 4040 770 4100 2783
790 4038 945 4108 interpretes
964 4041 996 4096 ed
1017 4041 1083 4096 Dan.
1101 4046 1128 4098 6.
1150 4045 1196 4110 33„
1214 4007 1241 4097 et
1259 4043 1402 4116 adacti,

186 4102 209 4158 1,
230 4105 257 4150 et
273 4115 316 4168 qur
338 4101 477 4154 laudentur
495 4119 510 4156 u
529 4103 694 4158 Fabricio
714 4107 844 4172 Bdbdr'cgr.
863 4113 1037 4179 Antiquarim
1059 4129 1118 4179 pag.
1134 4116 1194 4175 363,
1215 4121 1242 4168 et
1265 4116 1298 4168 ad
1319 4117 1402 4167 librae

184 4170 286 4234 Agnae.
313 4171 348 4220 a.
369 4174 398 4226 Τ.
416 4167 447 4222 Τ.
469 4179 492 4227 t.
513 4188 539 4243 p.
557 4171 622 4228 499:
642 4175 733 4239 quibua
752 4177 961 4248 add.'Barkey
987 4182 1056 4234 Bibl.
1077 4185 1153 4244 Hae.
1177 4180 1210 4233 Τ.
1231 4180 1265 4234 11.
1288 4200 1316 4252 p.
1337 4186 1401 4240 346.

184 4320 204 4374 l·
222 4251 426 4391 Lpatgplss.
451 4255 567 4316 ikeuii
590 4261 684 4329 Antip.
711 4263 845 4331 Hebe-..p
866 4265 932 4334 240,
958 4266 1090 4335 (adiret,
1109 4266 1202 4336 1764.)
1229 4269 1401 4340 Carpauv.

186 4409 410 4548 Euesppm
435 4409 450 4463 J
459 4413 622 4480 onepbum
641 4414 673 4469 A.
695 4415 753 4484 juri.
779 4421 821 4482 tt,
839 4412 857 4472 d
875 4418 922 4471 eub
941 4418 1027 4490 tieem,
1048 4419 1127 4490 (Opp.
1145 4421 1176 4476 Τ
1188 4423 1210 4491 1,
1221 4440 1248 4493 p.
1262 4425 1323 4482 559.
1335 4425 1403 4482 edit.
